3409 5342
1648 538 1735 549 .-
1825 500 1912 566 42
2006 541 2092 551 -.

1921 699 2103 762 tiam
2165 696 2466 780 quando
2535 715 2787 760 semen
2850 693 3060 759 sali-

1922 803 2040 869 cis
2121 802 2447 867 mulieri
2538 799 3062 868 sterilitatis

1921 908 2602 975 medicamentum
2658 927 2825 974 esse
2864 928 3060 972 con-

1922 1023 2097 1084 stat.

1471 1193 1807 1261 Eustatius
1855 1195 1978 1262 Od.
2028 1217 2083 1262 κ.
2132 1195 2265 1260 510

908 1315 1355 1396 Ὠλεσίκαρποι
1405 1321 1477 1382 δὲ
1526 1319 1678 1383 ἰτέαι
1727 1321 1765 1397 ἢ
1815 1319 1910 1384 ὅτι
1959 1319 2412 1399 ἀποβάλλουσι,
2476 1320 2659 1399 φασί,
2718 1319 2793 1383 τὸ
2841 1317 3058 1395 ἄνθος

699 1426 844 1501 πρὶν
876 1425 913 1502 ἢ
950 1429 1345 1503 πεπανθῆναι
1378 1426 1415 1503 ἢ
1451 1426 1642 1490 διότι
1681 1426 1751 1491 οἱ
1791 1427 2096 1504 πιόντες
2146 1430 2279 1491 τοῦ
2316 1425 2715 1502 κατάὒτάς
2756 1425 3055 1502 ἄνθους

699 1529 1013 1594 ὄλλουσι
1066 1532 1196 1595 τὸν
1253 1533 1545 1609 καρπὸν
1600 1533 1763 1612 ἦτοι
1821 1533 2088 1610 ἄγονοι
2144 1534 2484 1610 γίνονται
2541 1534 2641 1611 ὡς
2687 1533 2808 1596 καὶ
2856 1531 3049 1594 Θεό-

701 1653 1051 1717 φραστος
1111 1637 1425 1716 ἱστορεῖ.

1527 1781 1727 1849 schol.
1777 1782 1900 1850 od.
1950 1806 2004 1850 κ.
2053 1784 2184 1849 510

912 1907 1101 1984 φησὶ
1164 1908 1245 1970 δὲ
1306 1906 1814 1985 Θεόφραστος
1874 1909 1951 1972 ἑν
2012 1908 2369 1986 Φυτικοῖς
2431 1909 2561 1971 τὸν
2619 1907 2847 1985 χυλὸν
2907 1910 3045 1985 τῆς

702 2010 905 2088 ἱτὲας
948 2013 1360 2090 πινόμενον
1408 2013 1810 2094 ἀφανίζειν
1864 2018 1995 2094 τὴν
2051 2017 2283 2094 γονὴν
2337 2018 2468 2078 τοῦ
2525 2013 2943 2091 ἀνθρώπου.

1685 2176 2053 2261 Hesychius

911 2300 1335 2378 ὠλεσίκαρποι
1382 2299 1446 2363 αἱ
1494 2300 1646 2364 ἰτέαι
1696 2302 1801 2365 διὰ
1845 2303 1918 2366 τὸ
1950 2303 2192 2381 ταχέως
2239 2301 2616 2380 ἀποβάλλειν
2647 2301 2760 2364 τὸν
2792 2300 3042 2376 καρπὸν

698 2407 735 2484 ἢ
786 2405 900 2469 ὅτι
945 2406 1359 2484 πινόμενον
1408 2407 1445 2470 6
1492 2409 1779 2485 καρπὸς
1836 2407 2169 2486 ἀγόνους
2220 2411 2438 2472 ποιεῖ.

1298 2585 1618 2651 Stobaeus
1667 2589 1834 2670 (περὶ
1880 2586 2085 2650 νόσου
2133 2586 2204 2670 Ο,
2255 2588 2309 2665 ρ’
2356 2587 2468 2670 21)

911 2708 1291 2789 Πορφυρίου
1338 2711 1406 2774 ἐκ
1450 2715 1564 2775 τοῦ
1608 2713 1750 2789 περὶ
1798 2711 2052 2790 Στυγός
2093 2711 2243 2775 Ἣτε
2291 2711 2422 2775 ἰτέα
2482 2708 2636 2788 αὕτη
2696 2686 3043 2786 ἀποβάλλέι

698 2816 810 2879 τὸν
871 2818 1114 2893 καρπὸν
1174 2819 1320 2897 πρὶν
1382 2819 1697 2896 ἐκθρέψαι·
1775 2820 1875 2883 διὸ
1932 2819 2374 2897 ὠλεσίκαρπον
2434 2817 2630 2897 αὐτὴν
2689 2817 2726 2879 6
2771 2817 3044 2894 ποιητὴς

700 2923 994 3000 ὀνομάζει
1025 2925 1126 2988 καὶ
1159 2926 1368 3002 μέντοι
1418 2924 1818 3006 ἱστόρηται
1859 2926 1960 3003 ὡς
2009 2927 2186 3003 μετὰ
2232 2925 2446 2990 οἴνου
2495 2923 2751 3001 δοθεὶς
2781 2922 2820 2986 ὃ
2866 2923 3042 2987 ταύ-

705 3052 826 3104 της
878 3032 1162 3110 καρπός
1222 3030 1552 3110 ἀγόνους
1604 3036 1804 3096 ποιεῖ
1857 3034 2034 3111 τοὺς
2080 3032 2397 3109 πιόντας
2450 3033 2571 3096 καὶ
2626 3031 3041 3109 κατασβέν-

702 3155 870 3196 uum
922 3140 998 3200 rs]
1050 3137 1347 3215 σπέρμα
1394 3139 1513 3202 καὶ
1562 3140 1912 3217 μαραίνει
1959 3141 2090 3218 τήν
2134 3139 2448 3218 γόνιμον
2496 3138 2753 3216 ὁρμήν.

1512 3314 1651 3380 Ael.
1703 3313 1764 3379 h.
1815 3334 1917 3380 an.
1966 3315 2078 3400 IV,
2126 3315 2212 3379 23

914 3444 1074 3500 πιὼν
1122 3443 1193 3503 οὲ
1239 3438 1579 3519 ἄνθρωπος
1626 3439 1792 3523 (scil.
1841 3442 2084 3520 καρπὸν
2133 3440 2326 3524 ἰτέας)
2381 3444 2512 3520 τὴν
2560 3441 2857 3517 σπορὰν
2902 3442 3041 3518 τὴν

702 3546 1203 3610 παιῦοποιόν
1274 3567 1355 3610 τε
1426 3547 1554 3610 καὶ
1627 3547 2036 3626 ἔγκαρπον
2107 3547 2479 3611 ἀπώλεσε
2539 3548 2640 3611 καί
2701 3566 2804 3623 μοι
2865 3549 3043 3608 δοκεῖ

698 3656 978 3728 ““ῡμιῃ·ιος
1030 3656 1126 3716 καὶ
1173 3655 1251 3717 τὰ
1294 3660 1407 3733 τῆς
1454 3654 1721 3735 φύσεως
1751 3654 2078 3736 ἀπόρρητα
2108 3655 2485 3735 ἀνιχνεύσας
2525 3650 2657 3719 εἶτα
2690 3655 2901 3732 μέντοι
2933 3655 3038 3716 καὶ

702 3764 870 3848 ι,ι’τιὲιιι
938 3760 1361 3840 μιλεσίκαρποι
1430 3761 1497 3825 ἑν
1556 3765 1691 3839 τοῖς
1753 3763 1981 3826 ἑαυτοῦ
2042 3763 2293 3842 μέτροις
2355 3762 2548 3826 εἰπεῖν
2601 3765 2790 3826 τοῦτο
2851 3759 3038 3824 αἰνιτ-

705 3888 982 3944 τῡμενῡςᾧ

918 4012 1151 4076 [hunnus
1197 4010 1393 4095 igitur
1439 4017 1503 4075 et
1550 4010 1923 4095 discrepant
1966 4012 2033 4075 in
2078 4011 2467 4096 explicanda
2511 4031 2672 4077 voce
2711 4009 3040 4076 homerica

702 4120 1141 4196 ιιιλεσὶκειρπος
1203 4117 1286 4182 ab
1346 4117 1489 4203 ipso
1537 4117 1986 4202 Theophrasto
2048 4125 2112 4183 et
2157 4139 2314 4184 suae
2374 4118 2822 4204 explicationis
2887 4137 3039 4182 auc-

702 4236 898 4288 turum
970 4230 1229 4308 lmu‘unt.
1340 4225 1569 4307 Neque
1632 4224 1972 4308 vestigium
2037 4225 2236 4290 ullum
2299 4225 2469 4291 illius
2539 4224 3035 4310 ethymologiam,

702 4320 886 4416 ιμιιιιιι
942 4332 1114 4416 ιιῙιιιιί
1162 4331 1680 4416 Theophrastum
1731 4353 1801 4398 se
1846 4332 2081 4414 legisse
2130 4333 2351 4399 dicunt
2396 4332 2708 4398 invenias*
2735 4353 2789 4398 c.
2821 4333 2912 4418 pl.
2947 4332 3035 4416 ΙΙ,

702 4444 758 4520 ΕΙ,
822 4444 918 4520 ¹42
970 4440 1074 4504 uhi
1126 4438 1203 4502 dc
1252 4438 1450 4504 salice
1495 4439 1876 4524 frugiperda
1920 4439 2151 4505 iterum
2200 4440 2435 4506 dicitur
2481 4442 2650 4504 ὥστε
2697 4442 2798 4504 καὶ
2844 4443 3037 4505 τοῦτο

702 4551 1141 4624 ὼλεσίκιῑιρπον
1202 4545 1281 4610 ἄν
1339 4566 1433 4623 τις
1493 4547 1651 4626 φαίη
1719 4549 2002 4628 καθάπερ
2048 4548 2085 4611 6
2130 4548 2394 4628 ποιητής
2454 4563 2615 4628 φησι
2672 4549 2786 4627 τήν
2845 4546 3038 4612 ἰτέαν.
