3409 5342
1651 473 2088 536 ...24-

703 669 883 734 initio
930 668 1162 752 capitis
1208 669 1661 733 nominantur?
1746 667 1848 731 Ex
1895 666 1996 733 his
2043 666 2334 732 omnibus
2382 666 2685 748 colligere
2739 665 2930 731 velim
2978 671 3042 729 et

704 775 769 839 in
814 775 912 840 U*
962 773 1286 857 quondam
1332 774 1530 839 fuisse
1578 772 1980 857 sententiam,
2031 793 2198 856 quae
2244 793 2411 837 nunc
2459 773 2660 839 deest.
2691 773 2738 859 ¹)

918 881 1077 965 Cap.
1131 883 1231 960 15,
1282 887 1321 964 ξ
1370 881 1409 946 8
1459 880 1615 944 dicit
1662 876 2150 964 Theophrastus
2199 880 2572 968 (secundum
2609 882 3038 947 recensionem

707 988 1000 1054 codicum
1050 987 1229 1052 UMP
1278 989 1397 1073 (·?):
1467 989 1539 1051 τὸ
1590 991 1661 1051 δὲ
1706 988 1971 1051 κώνειον
2019 987 2284 1066 ἄριστον
2329 990 2468 1065 περὶ
2530 988 2751 1052 Σοῦσα
2813 992 2912 1053 καί
2973 991 3039 1053 ἐν

706 1099 838 1172 τοῖς
907 1094 1328 1173 ψυχροτάτοις
1394 1094 1644 1170 τόποις,
1718 1112 1883 1174 quae
1961 1093 2276 1158 sententia
2338 1093 2521 1158 deest
2580 1095 2642 1158 in
2703 1095 2822 1162 [μ’.
2914 1097 3040 1160 Ex-

704 1208 833 1268 stat
896 1200 1069 1286 apud
1137 1200 1411 1264 Plinium
1479 1200 1539 1266 h.
1602 1220 1664 1264 n.
1735 1199 1933 1283 XXV,
2005 1200 2133 1265 154
2203 1199 2429 1265 similis
2499 1202 2851 1268 sententia:
2925 1203 3039 1285 ,vis

703 1309 986 1374 maxima
1054 1309 1235 1374 Susis
1305 1308 1687 1373 Parthorum
1752 1315 1964 1392 natae,
2034 1329 2184 1372 mox
2250 1308 2651 1393 Laconicae,
2723 1309 3038 1393 Creticae,

703 1416 1053 1498 Asiaticae,
1101 1416 1167 1479 in
1215 1415 1495 1480 Graecia
1541 1435 1693 1481 vero
1742 1415 2132 1498 Megaricae,
2182 1415 2417 1480 deinde
2464 1416 2765 1483 Atticae.‘
2831 1417 3037 1482 Lucu-

704 1524 1126 1589 lentissimum
1175 1522 1278 1587 hic
1326 1523 1689 1607 exemplum
1739 1522 2219 1604 antiquissimae
2265 1524 2670 1608 corruptelae
2699 1523 3038 1591 habemus:

708 1651 927 1696 omnes
976 1631 1143 1695 enim
1190 1629 1626 1715 Theophrasti
1674 1629 1864 1695 codd.
1903 1630 2219 1714 praebent
2251 1632 2391 1709 περὶ
2424 1632 2646 1694 Σοῦσα
2684 1634 2785 1695 καὶ
2819 1633 2888 1696 ἑν
2913 1637 3042 1709 τοῖς

704 1739 1128 1818 ψυχροτάτοις
1174 1739 1425 1821 τόποις,
1495 1737 1776 1819 itemque
1824 1757 1968 1822 cap.
2008 1737 2117 1821 16,
2175 1743 2214 1820 ἓ
2263 1737 2303 1803 8
2365 1737 2551 1802 huius
2597 1738 2744 1802 libri
2813 1738 3041 1803 dicitur

707 1846 789 1910 de
838 1847 1095 1928 Trasya
1142 1845 1525 1910 Mantinensi
1574 1845 1956 1911 rhizotomo:
2014 1846 2324 1924 ἐλάμβανε
2374 1847 2444 1908 δὲ
2490 1847 2562 1909 τὸ
2611 1847 2875 1910 κώνειον
2931 1851 3045 1923 οὐχ

709 1953 860 2017 ὅθεν
909 1953 1243 2031 ἐτύγχανεν
1292 1952 1422 2016 ἀλλ’
1471 1953 1538 2016 ἐκ
1584 1951 1904 2015 Σούσων
1951 1953 2051 2015 καὶ
2099 1950 2156 2014 εἴ
2197 1972 2291 2027 τις
2340 1950 2532 2029 ἄλλος
2562 1953 2760 2029 τόπος
2804 1955 3046 2031 ψυχρὸς

709 2061 810 2123 καὶ
833 2060 1184 2135 παλίσκιος.
1279 2057 1461 2123 Idem
1524 2058 1652 2121 iam
1700 2057 1944 2123 Plinius
2003 2057 2285 2139 legerat:
2357 2058 2454 2123 vis
2516 2056 2798 2122 maxima
2855 2065 3047 2123 natae

709 2164 945 2229 Susis
992 2163 1484 2228 Parthorum
1535 2212 1818 2230 .....
1886 2163 2266 2248 Con-uptam
2316 2182 2458 2229 esse
2506 2164 2843 2229 lectionem
2875 2172 3047 2230 recte

709 2271 838 2336 iam
884 2270 1319 2336 Schneiderus
1368 2270 1517 2335 adn.
1567 2271 1672 2338 ad.
1713 2270 2040 2356 Theophr.
2086 2271 2143 2336 h.
2174 2271 2262 2355 pl.
2298 2292 2362 2355 p.
2398 2271 2526 2336 802
2575 2271 3045 2356 animadvertit,

712 2378 993 2443 correxit
1058 2378 1330 2442 Σούσων
1397 2377 1462 2441 in
1526 2378 1832 2453 Λούσων,
1903 2377 2228 2442 Arcadiae
2300 2377 2609 2463 oppidum
2675 2378 3047 2443 Proetidum

710 2485 927 2549 furore
976 2478 1037 2549 et
1085 2483 1511 2569 Melampodis
1558 2504 1716 2549 cura
1762 2484 2176 2569 celebratum,
2227 2485 2400 2567 quod
2448 2505 2642 2549 unum
2673 2485 2758 2550 ad
2795 2505 3049 2550 sensum

711 2591 1005 2674 quadrat,
1055 2590 1355 2673 quoniam
1401 2590 1581 2657 Susis
1629 2592 1878 2656 calores
1912 2591 2173 2656 maximi
2206 2580 2350 2676 sin‘t,
2397 2598 2532 2655 tum
2563 2591 2704 2676 ipse
2752 2592 3047 2675 Marsyas

715 2705 811 2763 est
859 2697 1363 2782 pharmacopola
1408 2701 1635 2782 Arcas,
1704 2717 1903 2780 quare
1964 2718 2046 2762 ex
2092 2698 2419 2763 Arcadiae
2483 2698 2724 2783 oppido
2784 2717 3048 2762 necesse

715 2812 811 2870 est
882 2825 1024 2869 eum
1105 2804 1189 2869 ad
1268 2805 1801 2869 medicamentum
1894 2805 2288 2869 mortiferum
2359 2805 2638 2870 cicutam
2724 2804 3049 2889 petivisse.

716 2910 1098 2995 Corruptela
1142 2931 1295 2975 vero
1344 2931 1468 2976 uno
1516 2912 1652 2976 solo
1699 2912 1844 2976 loco
1893 2911 2327 2996 Theophrasti
2376 2920 2517 2976 orta
2578 2917 2695 2995 est,
2759 2930 2878 2975 nec
2940 2910 3052 2975 du-

716 3021 890 3085 bium
950 3027 1080 3103 est,
1144 3020 1293 3102 quin
1365 3040 1579 3085 errore
1648 3020 1715 3084 in
1785 3021 1999 3086 verbis
2082 3021 2164 3085 de
2232 3021 2615 3086 Mantinensi
2700 3021 3050 3085 rhizotomo

717 3133 1031 3191 mutatum
1078 3127 1160 3191 sit
1208 3126 1483 3191 Λούσων
1528 3127 1591 3190 in
1639 3129 1930 3192 Σούσων.
2025 3129 2255 3210 Itaque
2301 3134 2519 3192 nostro
2567 3127 2710 3192 loco
2758 3133 2984 3211 postea
3015 3146 3054 3190 a

720 3241 1082 3298 correctore
1142 3233 1370 3298 addita
1434 3241 1532 3300 cst
1596 3235 1913 3299 sententia
1975 3237 2048 3299 τὸ
2121 3239 2192 3299 δὲ
2259 3235 2523 3299 κώνειον
2589 3234 2852 3313 ἄριστον
2913 3234 3055 3311 περὶ

718 3342 958 3416 Enoria,
1007 3360 1207 3422 quare
1254 3339 1533 3405 nondum
1583 3348 1765 3406 extat
1808 3341 1875 3404 in
1923 3341 2166 3425 optima
2215 3341 2458 3406 codicis
2514 3340 2610 3405 U*
2665 3339 3053 3404 recensione.

732 3448 966 3512 Plinius
1012 3447 1212 3512 verba
1261 3446 1341 3511 de
1390 3447 1603 3511 cicuta
1649 3448 1920 3531 sumpsit
1966 3467 2001 3511 e
2035 3468 2178 3532 cap.
2219 3448 2320 3531 16,
2357 3447 2417 3531 8,
2449 3447 2631 3511 auxit
2678 3445 3055 3512 sententiam

726 3580 794 3616 ι-τι
854 3556 1097 3636 nudem,
1147 3574 1271 3636 quo
1320 3554 1732 3619 Dioscorides
1780 3574 1931 3618 usus
1979 3561 2076 3618 est
2122 3553 2286 3618 libro
2337 3553 2448 3640 (cf.
2477 3554 2587 3636 IV,
2641 3555 2721 3618 79
2770 3553 3055 3630 ἐνεργέσ-

729 3684 914 3724 raram
966 3663 1031 3725 ὒὲ
1080 3663 1212 3725 ἐστι
1260 3664 1333 3725 τὸ
1381 3663 1672 3739 κρητικὸν
1719 3663 1819 3724 καὶ
1869 3662 2207 3740 μεγαρικόν
2254 3662 2353 3724 καὶ
2400 3663 2472 3724 τὸ
2523 3662 2773 3724 ἀττικὸν
2820 3661 2921 3722 καὶ
2982 3660 3056 3721 τὸ

726 3776 790 3832 ἐν
838 3780 906 3852 τῇ
962 3768 1086 3852 Χίῳ
1144 3770 1243 3832 καὶ
1305 3769 1534 3850 Κιλικίᾳ
1594 3768 1992 3846 γεννώμενον
2045 3800 2125 3823 =
2188 3767 2379 3831 Plinii
2441 3787 2611 3851 ,mox
2673 3765 3055 3848 Laconicae,

726 3880 1038 3960 (finiisse,
1071 3875 1419 3959 Asiaticae,
1467 3874 1533 3938 in
1567 3875 1844 3939 Graecia
1872 3895 2025 3939 vero
2058 3874 2446 3957 Megaricae,
2491 3872 2726 3938 deinde
2753 3872 3055 3957 Atticae.)
3157 3938 3163 3944 ,

946 3983 1095 4047 [nde
1157 4003 1197 4046 a
1244 3989 1283 4066 ξ
1329 3983 1373 4045 4
1434 3981 1664 4066 capitis
1731 3983 1812 4046 16
1871 3982 2098 4046 melius
2158 3981 2430 4046 fortasse
2494 3979 2941 4062 iudicabimUS,
3003 3977 3058 4043 si

946 4184 978 4248 ’ζμ
1032 4182 1314 4234 lacunam
1374 4181 1576 4234 verbis
1640 4179 1864 4233 codicis
1927 4177 2014 4233 U*
2078 4179 2162 4232 sic
2225 4179 2614 4232 conformatis
2677 4179 2877 4232 inesse
2938 4177 3060 4230 iam

730 4272 1128 4324 birlinvirlerus
1166 4271 1228 4322 in
1281 4270 1553 4323 auctario
1613 4268 1941 4322 lectionum
1992 4268 2300 4321 variarum
2355 4268 2472 4321 vol.
2511 4266 2562 4320 V
2601 4275 2654 4336 p.
2697 4266 2762 4319 77
2802 4265 2945 4319 dicit
2982 4264 3063 4318 ad

730 4364 842 4408 nim
886 4363 982 4412 ιιι-ἓν
1019 4359 1124 4411 οὖν
1162 4359 1266 4413 ἔξω
1324 4359 1524 4410 τόπων
1563 4357 1726 4409 οὗτοι
1782 4355 2363 4422 φαρμακωδέστατοιε
2421 4370 2596 4423 ,quae
2636 4370 2770 4408 cum
2821 4368 3065 4424 praece-

730 4448 890 4500 denti
950 4448 1221 4504 oratione
1278 4450 1338 4500 et
1375 4448 1567 4500 forma
1620 4446 1911 4499 orationis
1967 4459 2089 4498 non
2144 4445 2300 4498 bene
2357 4447 2594 4516 coeunt,
2651 4443 2927 4516 adeoque
2985 4457 3067 4500 ex

730 4540 846 4592 alio
886 4544 946 4592 vt
986 4537 1220 4595 diverso
1261 4537 1411 4594 libro
1454 4534 1754 4608 descripta
1793 4548 1925 4593 esse
1961 4534 2261 4592 videntur.
