3409 5342
687 500 908 565 -11-

210 692 311 775 audit,
334 694 436 759 tusius
461 693 657 780 descriptam
681 715 763 780 esse,
788 696 909 780 quippe
932 695 1024 760 cuius
1048 693 1255 760 forma'cum'
1274 696 1378 761 altera

210 801 323 884 planta
338 808 553 886 comparetur.
585 801 693 879 Quare
710 803 859 868 concludi
873 802 972 867 liccat
988 821 1136 867 mancam
1148 821 1219 868 esse
1231 802 1379 868 codicum

211 912 440 977 recensionem.
487 912 647 977 Probatur
670 913 731 978 hoc
754 913 913 995 siquidem
938 912 1085 977 conteras
1108 906 1257 978 Pliniana
1280 912 1380 978 verba

210 1017 252 1082 de
275 1017 390 1082 eadem
413 1019 527 1104 planta
550 1019 581 1087 h.
598 1041 628 1086 n.
645 1020 750 1105 XXV,
770 1022 850 1088 120:
876 1018 1210 1086 Verbascumilrraeci
1227 1015 1380 1104 phlomon

210 1133 337 1210 vocant,
361 1146 519 1210 genera
543 1127 669 1192 hahet
692 1128 789 1195 duo:
814 1128 922 1193 album
938 1127 971 1192 in
987 1147 1050 1209 quo
1073 1148 1156 1193 mas
1171 1126 1378 1210 intellegitur,

210 1233 348 1297 alterum
371 1233 508 1318 nigrum,
536 1235 656 1317 inquo
684 1235 846 1301 femina.
901 1235 1059 1301 Graecum
1091 1240 1255 1303 auctorem
1285 1252 1380 1316 quem

211 1347 341 1405 secutus
366 1339 429 1404 duo
458 1361 579 1424 gonera
611 1341 733 1427 phlomi
766 1342 870 1424 affert,
904 1340 1079 1406 scholiasta
1111 1339 1273 1424 siguificat
1308 1359 1380 1406 essa

212 1445 479 1531 Theophrastum.
526 1447 624 1511 Aliud
648 1447 741 1513 huius
766 1447 963 1513 recensionis
986 1446 1158 1530 vestigium
1177 1453 1268 1532 patet
1291 1445 1379 1531 apud

211 1553 422 1637 Athenaeum,
455 1554 654 1638 Hesychium
678 1560 717 1639 (s.
742 1577 772 1620 v.
798 1556 898 1638 σίδη),
931 1553 1137 1619 scholiastam
1168 1553 1239 1620 Nic.
1264 1552 1378 1620 Thea:

210 1659 263 1724 hic
287 1660 329 1724 ad
353 1681 383 1726 v.
408 1661 471 1726 887
496 1663 530 1725 ἐν
552 1661 734 1745 Ὀρχομενῷ
768 1677 850 1740 φησι
875 1661 1089 1739 Θεόφραστος
1119 1659 1209 1738 ῥίζαν
1239 1660 1379 1739 φύεσθαι

211 1766 314 1846 φυτόν
337 1789 365 1830 τι
382 1769 416 1831 ἐν
442 1774 487 1851 τῷ
510 1766 611 1843 ὕδατι,
646 1769 816 1845 λεγόμενον
851 1769 955 1845 σίδην,
990 1769 1116 1845 τηλίκον
1147 1766 1228 1831 ὅσον
1263 1769 1378 1846 μήκων.

211 1873 271 1951 ἔχει
304 1877 339 1936 δὲ
369 1874 502 1951 κόκκους
526 1875 681 1952 ἐρυθροὺς
704 1875 863 1951 ὁμοίους
893 1872 974 1956 ῥοίᾳ,
1008 1875 1299 1952 στρογγυλοτὲρους
1334 1874 1379 1938 δέ.

210 1979 374 2044 Describit
397 1980 480 2044 hanc
505 1979 750 2066 Theophrastus
774 1980 804 2047 h.
829 1980 873 2066 pl.
891 1981 946 2065 IV,
973 1981 1024 2064 10,
1049 1980 1080 2065 3,
1096 1980 1281 2045 Athenaeus
1295 1978 1380 2044 'XIV

211 2108 243 2171 p.
268 2087 330 2152 651
357 2087 453 2172 a-h,
477 2087 661 2171 Hesychius
686 2108 711 2154 s.
736 2109 766 2154 v.
791 2089 884 2171 σίδη;
920 2085 1004 2152 redit
1033 2093 1171 2169 utraque
1204 2086 1379 2171 descriptio
1420 2092 1444 2107 ⁸

210 2192 254 2258 ad
278 2192 536 2279 Theophrastum
561 2202 743 2261 auctorem:

321 2393 470 2465 Theophr.
761 2392 830 2448 Ath.
1107 2393 1279 2463 Hesychius

209 2504 227 2570 ἡ
250 2504 282 2556 δέ
301 2502 365 2568 σίδη
385 2502 440 2568 τὴν
453 2503 503 2565 μὲν
517 2517 582 2567 μορ·
610 2502 720 2566 λέγεται
739 2504 770 2556 δέ
789 2519 816 2555 τι
828 2502 873 2555 καὶ
887 2501 983 2568 φυτὸν
1107 2516 1129 2556 s.
1148 2517 1177 2556 v.
1197 2501 1272 2567 σίδη.

212 2593 273 2658 ιμήν
306 2593 381 2645 ἐστιν
422 2591 506 2655 δμοία
546 2592 580 2659 τῇ
611 2591 809 2658 σίδηόμοιον
825 2591 982 2659 ῥοιᾷ,γινό-
1046 2606 1236 2675 θεόφραστος
1267 2611 1380 2677 φυτὸν

211 2680 580 2747 μήκωνι....φίιλλαποιίιδη
611 2697 696 2744 μενον
716 2683 745 2735 ἐν
758 2688 792 2750 τί]
807 2680 872 2748 περὶ
884 2679 981 2748 Ὀρχο-
1010 2698 1142 2764 ἕτερον
1174 2703 1240 2767 τῆς
1276 2701 1380 2765 ῥοιᾶς

211 2771 393 2836 παραπλήσια
428 2773 488 2833 τοῖς
522 2774 582 2822 τῶν
610 2771 980 2838 μενὸνλίμνηέναύτῴτῴ
1010 2788 1102 2844 εἶναι
1147 2789 1215 2855 τὴν
1259 2789 1379 2855 σίδην,

211 2861 309 2926 ῥόδων
328 2862 397 2913 όταν
423 2861 453 2913 ἐν
471 2859 582 2912 κόλυξιν
610 2861 699 2922 ὕδατι,
720 2860 754 2912 οὓ
774 2861 809 2912 τὰ
823 2861 873 2923 μὲν
887 2860 981 2926 φύλλα
1010 2883 1173 2948 φύεσθαι
1200 2880 1238 2931 δὲ
1267 2880 1303 2932 ἐν
1330 2879 1379 2946 τῷ

212 2951 265 3003 drot
282 2990 287 3002 .
302 2991 307 3001 .
322 2991 347 3001 ..
368 2950 530 3015 ἀνοιχθεῖσα
550 2950 582 3001 δέ
609 2949 645 3001 τὰ
663 2949 794 3015 πρόβατα
815 2948 909 3011 ἐσθίει,
929 2949 982 3001 τόν
1011 2968 1134 3022 Νεςλω,

210 3041 279 3104 τοὺς
297 3040 416 3101 κόκκους
443 3039 582 3103 ἐρυθροὺς
611 3039 642 3091 δὲ
662 3038 785 3102 βλαστὸν
803 3037 831 3090 ul
858 3039 916 3100 ὕες,
943 3039 982 3102 ὡς
1113 3020 1116 3036 ’

211 3131 262 3194 μὲν
278 3130 340 3195 ἔχει,
358 3132 401 3195 τῷ
416 3127 537 3193 σχήματι
551 3128 583 3179 δέ
610 3126 717 3191 ἱστορεῖ
744 3125 933 3193 Θεόφραστος
952 3128 982 3180 ἐν

210 3216 583 3283 οὺχδμοίουςταῑςρόαις
609 3216 737 3283 τετάρτῳ
775 3215 839 3280 περὶ
871 3219 981 3282 φυτῶν,

211 3306 282 3359 ἀλλὰ
300 3307 468 3372 περιφερεῖς.
608 3305 766 3369 γίνεσθαι
792 3304 903 3369 λέγων
921 3304 982 3357 κάν

609 3394 655 3462 τῷ
670 3392 776 3460 Νείλῳ
797 3393 982 3457 ὁμώνυμόν

608 3498 639 3534 τι
658 3483 744 3550 αὐτῇ
765 3483 845 3534 ἄνευ
871 3483 981 3547 ῥιζῶν.

316 3677 475 3743 Athenaei
499 3678 599 3743 verba
623 3678 744 3763 optimo
767 3678 836 3742 iure
859 3677 1028 3743 Kaibelius
1051 3677 1187 3743 adnotat
1214 3697 1277 3742 non
1308 3696 1380 3743 esse

115 3853 120 3863 ,
210 3784 438 3871 Theophrasti,
478 3785 564 3868 quod
606 3804 647 3849 ex
689 3784 931 3870 comparatione
969 3805 1041 3849 cum
1079 3783 1235 3868 Hesychii
1273 3783 1380 3849 verbis

210 3891 376 3958 conclusit.
423 3892 567 3974 Uterque
592 3898 624 3956 et
646 3890 833 3956 Athenaeus
857 3897 890 3955 et
913 3890 1097 3974 Hesychius
1121 3889 1246 3955 addunt
1268 3909 1380 3956 secun-

209 3998 287 4063 dum
311 3999 570 4085 Theophrastum
594 3999 678 4064 hanc
709 3999 853 4085 plantam
887 4006 919 4065 et
953 3999 986 4063 in
1009 3999 1083 4066 Nilo
1117 3997 1248 4063 flumine
1280 3999 1379 4082 nasci,

209 4105 251 4171 de
275 4126 397 4188 quare
421 4107 475 4172 ille
500 4106 627 4172 omniuo
651 4106 752 4172 verba
780 4127 843 4171 non
870 4107 957 4173 fecit.
1010 4105 1129 4171 Levior
1161 4104 1381 4189 discrepantia

209 4213 370 4296 estquod
404 4215 451 4279 illi
487 4215 548 4299 ῥόᾳ
580 4216 716 4281 similem
749 4237 820 4282 esse
853 4219 949 4296 σίδην
984 4215 1105 4300 dicunt,
1137 4215 1380 4301 Theophrastus

209 4320 280 4406 ipse
304 4323 362 4402 οὺχ
385 4323 516 4401 ὁμοίους
540 4323 668 4390 scribit:
693 4324 821 4389 dixerat
840 4323 924 4389 enim
947 4330 1043 4389 antea
1071 4325 1204 4401 κόκκους
1227 4325 1381 4417 ἐρυθροὺς

212 4428 273 4506 ἔχει
296 4427 317 4491 i.
333 4447 361 4493 e.
385 4430 518 4506 κόκκους
543 4429 656 4494 eodem
680 4430 788 4496 colore
808 4436 906 4518 atque
922 4430 1003 4516 ῥόαι,
1028 4437 1095 4501 tum
1110 4429 1260 4509 addiditr
1277 4429 1381 4495 torma

210 4553 288 4604 vero
312 4535 492 4624 dissimiles²
518 4538 597 4604 ἀλλὰ
619 4542 809 4619 περιφερεῖς.
