3409 5342
1705 472 2143 546 —18-

757 669 1051 747 Theophr.
1074 672 1129 734 h.
1150 675 1226 747 pl.
1247 673 1498 745 IX,11‚1
1592 678 1754 733 schol
1794 677 1921 733 Nic.
1947 677 2123 733 Ther.
2158 675 2262 730 500
2321 673 2328 745 Ι
2388 675 2538 730 Plin.
2578 675 2633 730 h.
2671 692 2728 731 n.
2768 671 2950 742 XXV,
2990 671 3058 728 32

759 783 869 849 ἔχει
922 784 984 837 δέ
1031 783 1101 836 τὸ
1156 784 1255 848 μὲν
1308 783 1497 848 χειρώ-
1547 783 2296 851 λέγειΘεόφραστοςοῦτως·
2353 782 2688 837 chironium
2716 824 2728 837 .
2758 825 2771 838 .
2801 822 2812 835 .
2841 825 2854 838 .
2881 783 3092 837 folium

757 887 909 925 νειον
928 873 1151 938 φύλλον
1178 872 1277 936 μὲν
1298 873 1498 937 ὅμοιον
1551 872 1621 925 τὸ
1652 873 1715 926 δὲ
1742 874 2062 939 χειρώνειον
2098 875 2298 937 ὅμοιον
2353 872 2485 925 eius
2561 869 2753 924 simile
2828 871 3092 942 lapatho,

757 961 997 1028 λαπάθῳ
1050 963 1237 1025 μεῖζον
1294 961 1358 1014 δὲ
1407 959 1498 1013 καὶ
1555 962 1909 1030 ἀμαράκῳ,
1985 964 2171 1026 μεῖζον
2234 962 2297 1015 δέ
2352 960 2548 1014 maius
2587 963 2791 1013 tamen
2819 964 2879 1014 et
2904 961 3091 1014 hirsu-

758 1049 1104 1115 δασύτερον,
1188 1051 1361 1113 ἄνθος
1434 1051 1497 1102 δὲ
1553 1050 1641 1103 καὶ
1677 1052 2009 1117 δασύτερον,
2032 1052 2206 1114 ἄνθος
2233 1052 2296 1103 δὲ
2352 1050 2489 1118 tius,
2515 1051 2625 1103 flos
2646 1063 2888 1118 aureuS,
2920 1050 3091 1105 radix

757 1139 1094 1203 χρυσοειδές,
1134 1138 1289 1204 ῥίζαν
1327 1139 1391 1192 δέ
1420 1155 1497 1203 μι-
1554 1141 1900 1205 χρυσοειδές,
1954 1140 2109 1205 ῥίζαν
2173 1156 2295 1204 μα·
2351 1138 3091 1210 parva,nasciturpingui-

754 1227 910 1292 κρὰν·
950 1229 1101 1294 φιλεῖ
1151 1228 1215 1281 δὲ
1262 1228 1496 1291 μάλιστα
1552 1230 1743 1293 κράν,
1784 1232 1934 1296 φιλεῖ
1969 1231 2033 1283 δὲ
2060 1230 2294 1294 μάλιστα
2351 1230 2464 1284 bus
2501 1230 2665 1285 lociS.

752 1316 825 1368 τὰ
863 1315 1043 1382 χωρία
1079 1317 1150 1369 τὰ
1186 1316 1371 1370 πίονα.
1554 1318 1733 1385 χωρία
1769 1335 1900 1371 ταπ
1915 1335 2010 1372 ειν
2027 1319 2075 1371 ά.

966 1458 1277 1523 Parvulos
1326 1457 1679 1523 scribarum
1728 1478 1980 1526 errores
2025 1458 2090 1522 in
2140 1457 2528 1524 scholiastae
2559 1463 2623 1522 et
2656 1455 3087 1541 Theophrasti

753 1563 965 1629 verbis
1012 1565 1216 1649 primo
1266 1564 1493 1629 obtutu
1538 1565 1909 1648 intelleges:
1958 1565 2056 1630 U*
2105 1585 2222 1650 pro
2271 1565 2495 1643 μικράν
2543 1583 2689 1628 cum
2744 1561 3090 1629 scholiasta

755 1670 999 1749 μακράν
1045 1670 1307 1736 exhibet
1376 1691 1590 1737 errore
1654 1691 1831 1754 sane,
1897 1672 1967 1737 id
2038 1671 2212 1754 quod
2261 1692 2296 1736 e
2345 1671 2535 1736 Plinii
2584 1670 2797 1756 ‚radix
2862 1675 3087 1755 parva‘

754 1775 1097 1860 colligitur.
1191 1777 1381 1855 Quod
1430 1778 1657 1849 scribit
1702 1777 2059 1844 scholiasta
2104 1779 2385 1861 ταπεινά,
2436 1785 2806 1863 corruptum
2839 1775 3092 1842 videtur

753 1901 789 1947 e
853 1885 932 1950 τὰ
973 1885 1181 1961 πίονα,
1248 1904 1441 1968 quam
1511 1885 1850 1950 lectionem
1916 1884 2352 1970 Theophrasti
2417 1883 2677 1951 codices
2739 1890 2804 1948 et
2848 1882 3090 1948 Plinius

751 1997 1030 2055 tuentur.
1099 1990 1240 2056 Hoc
1270 1991 1583 2077 imprimis
1613 2010 1908 2076 premere
1955 1991 2146 2057 velim
2198 1997 2538 2073 utrumque
2571 1997 2636 2055 et
2674 1988 3089 2055 scholiastam

753 2103 817 2161 et
879 2095 1154 2162 Plinium
1226 2097 1612 2163 sententiam
1681 2097 1849 2162 hanc
1917 2097 1983 2162 in
2051 2097 2505 2182 Theophrasto
2569 2097 2828 2182 legisse,
2896 2116 3088 2178 quam

750 2223 918 2268 nnnc
990 2225 1119 2271 una
1195 2204 1440 2270 codicis
1518 2205 1611 2270 U*
1682 2205 1971 2271 recensio
2050 2205 2330 2290 exhibet,
2409 2205 2520 2270 alii
2581 2204 2856 2278 ,codices
2928 2223 3085 2269 vero

750 2311 1066 2378 omittunt.
1163 2310 1503 2378 Difficilius
1548 2311 1874 2377 iudicatur
1921 2310 2004 2375 de
2051 2311 2258 2376 altera
2305 2310 2588 2394 quadam
2650 2309 3086 2396 discrepantia

747 2417 1043 2484 lectionis
1090 2418 1496 2503 scholiastae,
1546 2420 1654 2501 qui
1700 2439 1818 2504 pro
1867 2420 2134 2504 λαπάθῳ
2181 2418 2404 2484 scribit
2459 2420 2785 2502 ἀμαράκῳ.
2879 2417 3087 2481 Theo-

748 2525 998 2610 phrasti
1045 2525 1237 2591 lectio
1285 2534 1424 2591 erat
1471 2529 1760 2611 λαπάθῳ,
1810 2546 2003 2608 quam
2050 2533 2114 2591 et
2173 2526 2433 2592 codices
2499 2532 2562 2590 et
2609 2525 2859 2590 Plinius
2923 2524 3088 2589 tucri

739 2632 1067 2726 videntur.
1162 2633 1321 2698 Cum
1369 2633 1762 2712 scholiastae
1809 2633 2025 2699 verbis
2091 2633 2350 2698 confero
2395 2631 2794 2701 Nicandrum
2854 2631 3085 2718 ipsum,

751 2739 862 2822 qui
909 2739 992 2805 de
1040 2740 1323 2831 chironio
1373 2740 1575 2806 verba
1620 2739 1779 2805 iacit
1826 2763 1886 2807 v.
1926 2741 2078 2825 503,
2127 2760 2268 2822 sqq.

1050 2905 1163 2978 τῆς
1206 2904 1319 2980 μὲν
1367 2900 1927 2979 ἀμαροκόεσσα
1972 2903 2120 2979 χυτὴ
2169 2901 2586 2978 περιδέδρομε
2631 2900 2828 2977 χαίτη,

1050 3006 1247 3070 ἄνθεα
1296 3010 1366 3071 δὲ
1411 3008 1737 3085 χρύσεια
1784 3007 2226 3086 φαείνεται’
2276 3008 2312 3084 ἡ
2363 3005 2417 3069 δ’
2451 3006 2608 3084 ὑπὲρ
2657 3004 2801 3084 αἴης

1050 3112 1190 3191 ῥίζα
1237 3115 1338 3177 καὶ
1386 3117 1469 3176 ού
1520 3113 1882 3192 βυθόωσα
1932 3162 1944 3176 .
1997 3162 2010 3175 .
2061 3162 2074 3176 .
2124 3162 2137 3175 .

959 3272 1351 3350 Quibuscum
1420 3272 1550 3337 iam
1596 3272 1696 3339 J0.
1725 3272 1826 3338 'Gn
1876 3270 2233 3336 Schneider
2261 3271 2306 3355 ¹)
2379 3270 2780 3336 Dioscoridis
2829 3270 2947 3352 III,
2996 3269 3086 3333 50

748 3379 1042 3446 contulit:
1092 3373 1309 3460 φύλλα
1350 3380 1657 3464 ἀμαράκῳ
1706 3381 1971 3459 ἐμφερῆ,
2022 3379 2180 3458 ἄνθη
2231 3383 2594 3458 χρυσοειδῆ,
2645 3379 2822 3456 ῥίζαν
2855 3378 3086 3453 λεπτὴν

747 3489 847 3549 καὶ
926 3487 1002 3550 οὐ
1087 3491 1364 3566 βαθεῖαν,
1442 3488 1767 3570 γευομὲνῳ
1839 3490 1910 3550 δὲ
1980 3489 2282 3564 δριμεῖαν.
2398 3487 2600 3550 Recte
2671 3482 3085 3549 adnotavisse

747 3591 1034 3658 videtur:
1098 3612 1287 3676 ,quae
1335 3592 1535 3658 verba
1581 3598 1795 3657 sumta
1843 3612 1876 3656 e
1924 3591 2255 3658 Nicandro
2304 3591 2406 3656 vel
2456 3611 2492 3655 e
2531 3589 2847 3655 communi
2908 3588 3084 3653 fonte

747 3718 889 3764 esse
936 3718 1120 3765 nemo
1170 3698 1603 3767 dubitaverit‘.
1697 3699 2062 3763 Wellmann
2107 3699 2149 3764 1.
2198 3699 2238 3764 l.
2284 3720 2349 3783 p.
2403 3699 2504 3783 19,
2556 3717 2696 3780 sqq.
2754 3698 2930 3762 nisus
2978 3695 3078 3761 his

746 3805 1124 3870 Schneideri
1171 3805 1385 3871 verbis
1433 3813 1498 3871 et
1544 3806 1711 3872 aliis
1736 3806 2028 3891 pluribus
2078 3805 2391 3891 exemplis
2425 3805 2824 3870 demonstrat
2858 3803 3083 3868 eodem

731 3924 1008 3977 ‚auctore
1041 3920 1236 3994 atque
1269 3912 1720 3978 Dioscoridem
1750 3933 1935 3978 usum
1969 3914 2112 3977 esse
2142 3911 2563 3979 Nicandrum.
2635 3911 2737 3974 Ex
2769 3908 3084 3977 Nicandri

744 4019 959 4085 verbis
1005 4019 1356 4086 scholiasta
1403 4019 1853 4105 Theophrasto
1901 4040 2018 4105 pro
2086 4021 2352 4103 λαπάθῳ
2421 4018 2689 4084 inseruit
2757 4017 3082 4100 ἀμαράκῳ,

746 4127 1028 4198 correxit
1055 4126 1252 4210 igitur
1280 4127 1633 4193 scholiasta
1667 4127 2200 4212 Theophrastum,
2251 4146 2406 4191 sane
2437 4147 2517 4191 ex
2558 4126 2700 4211 ipso
2729 4125 3085 4208 Nicandro,

744 4255 869 4299 non
946 4233 1237 4298 adhibito
1307 4234 1416 4299 illo
1487 4233 1908 4319 phytologieo
1981 4239 2266 4317 auctore,
2340 4253 2464 4315 quo
2536 4254 2687 4298 usus
2765 4239 2862 4298 est
2940 4231 3085 4316 ipse

743 4339 1069 4407 Nicander
1117 4347 1181 4405 et
1244 4347 1473 4425 postea
1519 4339 1961 4406 Dioscorides.
2056 4340 2186 4404 Res
2254 4359 2404 4404 vero
2470 4361 2595 4404 non
2655 4339 2840 4424 parvi
2889 4339 3085 4424 pretii

958 4540 1000 4606 1)
1043 4542 1115 4594 cf.
1156 4541 1248 4594 ad.
1288 4539 1413 4594 Nic.
1453 4539 1643 4593 Ther..
1685 4538 1841 4608 Lips.
1891 4537 2040 4606 1816,
2080 4555 2133 4608 p.
2174 4537 2296 4594 ⁶247.
