3409 5342
661 513 878 579 .-59-

183 710 366 795 plantarum
390 708 551 793 suppleat.
598 708 696 774 Cuius
727 707 868 774 auctoris
899 706 994 771 fuerit
1028 706 1203 788 quaeritur.
1250 707 1286 769 In
1310 704 1355 768 in-

184 816 256 882 dice
280 822 448 881 auctorum
470 815 559 882 librr.
584 816 659 882 Xll.
683 822 715 882 et
739 816 823 879 XIII
839 814 870 882 h.
884 835 916 882 n.
933 814 1113 879 nominatur
1130 812 1357 898 ,Apollodorus

185 925 239 1006 qni
263 923 305 988 de
328 923 502 988 odoribus‘.
540 922 749 1007 Sprengelius
769 923 824 1006 (ef.
841 922 917 992 diss.
934 922 1003 987 eius
1019 943 1051 1006 p.
1069 922 1111 986 37
1127 925 1189 1004 sq.)
1206 941 1224 987 e
1240 919 1357 1004 Silligii

135 1062 139 1067 ·
185 1031 238 1114 (cf.
264 1029 315 1096 ed.
340 1029 448 1112 Plinii)
481 1029 743 1095 adnotationibus
777 1029 860 1094 hunc
893 1028 1030 1095 eundem
1064 1048 1135 1094 esse
1168 1034 1265 1109 atque
1292 1027 1357 1111 ille,

184 1158 278 1220 quem
295 1136 369 1204 Ath.
386 1138 423 1221 V,
439 1157 471 1221 p.
485 1136 550 1201 675
565 1157 583 1200 e
607 1136 689 1201 dixit
712 1137 879 1221 scripsisse
895 1138 966 1215 περὶ
982 1134 1092 1214 μύρων
1108 1138 1158 1199 καὶ
1175 1135 1357 1214 στεφάνων,

183 1264 241 1310 suo
271 1244 341 1308 iure
373 1244 555 1328 suspicatur
579 1264 716 1326 eumque
740 1254 834 1328 (mus.
859 1243 948 1309 rhen.
973 1243 1081 1307 XLVI
1105 1263 1138 1327 p.
1164 1243 1219 1325 70)
1252 1241 1356 1307 Plinio

184 1349 434 1435 descriptionem
457 1357 489 1416 et
521 1351 636 1417 seriem
665 1358 899 1433 unguentorum
923 1349 1123 1436 praebuisse.
1156 1370 1188 1434 p.
1213 1349 1255 1414 38
1280 1348 1358 1414 diss.
1452 1396 1455 1401 -

183 1457 291 1544 pergit
314 1457 522 1542 Sprengelius
547 1509 666 1541 ......
684 1458 751 1523 veri
774 1458 810 1522 lit
833 1457 1050 1524 simillimum
1074 1478 1114 1523 ex
1134 1456 1190 1521 illo
1208 1456 1358 1521 haustum

183 1585 255 1631 esse
275 1571 374 1649 caput
397 1564 438 1629 de
462 1565 634 1648 unguentis
658 1564 704 1650 (h.
719 1586 750 1631 n.
768 1565 861 1649 XIII,
888 1566 1008 1642 1-25)
1034 1571 1066 1629 et
1090 1583 1174 1645 quae
1197 1569 1306 1628 noster
1322 1562 1354 1626 in

184 1679 329 1736 extremo
353 1691 481 1753 quoque
505 1671 612 1756 capite
633 1721 751 1737 ......
776 1671 908 1736 exhibet
939 1671 980 1735 de
1011 1668 1203 1756 probatione
1226 1668 1359 1751 integri·

184 1778 271 1863 tatis,
296 1778 338 1844 de
361 1779 505 1843 bonitate
529 1798 684 1861 generum
709 1778 918 1862 diversorum,
944 1777 990 1842 de
1014 1777 1156 1863 pretiis
1181 1781 1267 1846 cett‘.
1310 1776 1359 1839 Ac

186 1906 221 1950 re
243 1906 321 1951 vera
343 1905 403 1969 per
426 1891 528 1949 totum
551 1885 668 1949 librum
691 1885 757 1950 XII
781 1892 813 1950 et
828 1886 912 1950 XIII
936 1884 1076 1950 omnium
1099 1883 1292 1969 plantarum,
1318 1902 1358 1947 ex

185 1992 301 2074 quibus
325 1996 489 2073 unguenta
512 1997 676 2075 parantur,
701 1990 807 2076 pretia
830 1990 945 2055 eadem
962 2010 1088 2075 semper
1103 1989 1251 2073 formula,
1276 2007 1359 2070 quae

185 2098 304 2180 ubique
335 2097 490 2164 occurrit:
523 2097 671 2182 ,pretium
700 2097 733 2161 in
757 2097 856 2163 libras
874 2147 985 2164 .....
988 2102 996 2135 ‘
1038 2116 1170 2181 semper.
1195 2114 1272 2160 vero
1295 2095 1358 2159 Ro-

185 2206 289 2271 manis
312 2204 449 2269 nummis
471 2205 610 2289 pretium
634 2204 788 2286 unguenti
819 2204 984 2288 definitur,
1015 2209 1142 2288 oportet
1164 2202 1263 2286 igitur
1286 2207 1317 2266 et
1342 2221 1360 2265 e

186 2314 273 2378 fonte
296 2312 396 2377 latine
420 2319 577 2397 concepto
602 2312 684 2377 haec
707 2312 813 2397 pretia
832 2312 950 2378 hausta
966 2330 1048 2377 esse.
1085 2310 1177 2387 Quae
1193 2307 1221 2375 si
1237 2307 1359 2374 Plinius

156 2429 158 2433 ’
187 2439 205 2483 e
227 2438 346 2502 graeco
371 2425 503 2483 auctore
527 2417 741 2502 adhibuisset,
774 2425 862 2483 certe
894 2438 957 2483 uno
988 2418 1103 2483 saltem
1126 2417 1197 2481 loco
1220 2414 1359 2500 primum

187 2526 325 2611 pretium
349 2525 477 2609 graecis
501 2526 552 2590 vel
577 2524 685 2589 atticis
710 2525 846 2590 nummis
871 2524 1020 2609 dixisset,
1050 2524 1238 2609 priusquam
1253 2522 1360 2587 latine

187 2639 337 2715 verteret,
359 2638 391 2695 et
406 2630 468 2696 hoc
491 2630 597 2716 ipsum
622 2650 639 2694 e
664 2630 895 2696 consuetudine
909 2629 1003 2695 Plinii
1029 2635 1099 2695 erat
1116 2630 1157 2695 ef.
1173 2632 1204 2696 h.
1221 2650 1251 2695 n.
1268 2628 1359 2712 XXI,

192 2740 264 2820 185,
297 2737 352 2802 ubi
384 2756 521 2819 graecos
553 2757 698 2803 nummos
730 2738 762 2801 in
794 2739 958 2803 Romanos
990 2738 1102 2803 vertit:
1137 2736 1297 2819 ,quoniam
1327 2733 1361 2798 in

189 2843 348 2911 mensuris
372 2863 499 2926 quoque
523 2865 562 2910 ao
578 2831 776 2929 ponderibus
792 2845 905 2910 crebro
923 2844 1057 2922 Graecis
1073 2844 1253 2909 nominibus
1272 2850 1361 2908 uten-

190 2953 265 3017 dum
291 2958 351 3034 est,
375 2951 673 3036 interpretationem
698 2972 807 3017 eorum
831 2952 929 3017 semel
955 2950 1071 3017 hocin
1094 2951 1165 3016 loco
1190 2970 1359 3035 ponemus:

190 3057 345 3123 drachma
369 3058 540 3123 Attica-
564 3058 633 3124 iere
655 3059 739 3124 enim
755 3059 865 3124 Attica
888 3057 1112 3124 observatione
1136 3055 1253 3122 medici
1269 3063 1361 3121 utun-

189 3171 241 3229 tur
255 3204 297 3216 -
314 3164 439 3229 denarii
454 3165 600 3246 argentei
625 3163 722 3229 hahet
738 3164 876 3250 pondus<
891 3172 923 3230 et
939 3184 1023 3247 quae
1040 3171 1200 3230 secuntur.
1237 3161 1361 3241 Quodsi

68 3294 71 3301 ·
188 3272 222 3335 in
240 3270 441 3355 Apollodori,
466 3278 552 3335 certe
576 3270 705 3355 medici,
728 3271 818 3337 libris
842 3291 961 3356 graece
985 3270 1107 3336 indicta
1131 3276 1223 3335 erant
1246 3270 1360 3354 pretia,

189 3378 255 3442 iam
287 3377 332 3442 ihi
363 3377 426 3442 hoc
458 3377 581 3444 Plinius
613 3377 799 3445 indicasset.
856 3379 971 3460 Itaque
1004 3378 1110 3464 pretia
1141 3375 1263 3441 Plinius
1297 3396 1361 3441 non

191 3485 329 3569 sumpsit
353 3506 394 3551 ex
420 3485 610 3570 Apollodori
632 3486 713 3551 libro
737 3486 789 3571 ,de
815 3486 979 3552 odoribus‘
1003 3486 1058 3567 qui
1081 3503 1199 3568 graece
1223 3482 1361 3568 scripsit.

190 3593 235 3657 At
251 3591 337 3656 unde
354 3590 452 3656 habet
464 3592 586 3658 Plinius
602 3592 732 3677 pretia?
756 3592 864 3678 Saepe
878 3592 950 3678 ipse
964 3592 1195 3675 unguentarios
1210 3590 1361 3673 nominat,

193 3700 234 3766 cf.
259 3700 290 3766 h.
315 3722 346 3766 n.
370 3701 446 3784 XII,
471 3701 524 3784 83,
551 3702 623 3784 102,
650 3701 723 3785 103,
756 3701 834 3784 125,
870 3720 949 3782 quos
980 3699 1151 3783 diligenter
1181 3697 1320 3763 secernit
1342 3718 1363 3761 a

192 3806 337 3891 medicis,
363 3826 444 3888 quos
467 3807 540 3871 alhs
562 3805 595 3871 in
618 3806 708 3873 libris
731 3826 789 3891 per
807 3807 911 3872 Sextii
937 3806 1030 3889 Nigri
1054 3805 1152 3870 libros
1176 3802 1363 3869 adhibuisse

192 3913 310 3977 dicitur
346 3915 467 3997 &102
500 3913 703 3997 unguentarii
732 3919 839 3978 autem
870 3920 994 3978 tantum
1026 3911 1179 3977 cortIcem
1202 3910 1361 3995 premunt,

193 4019 312 4085 medici
336 4026 369 4084 et
392 4020 523 4086 nucleos
549 4072 658 4087 .....
667 4072 675 4105 ,
700 4026 719 4103 ξ
746 4020 810 4085 125
833 4019 986 4085 laudatur
1014 4017 1143 4083 minime
1175 4038 1215 4082 ex
1239 4019 1363 4082 Amano

194 4126 311 4212 Syriae
342 4128 491 4213 medieiS,
524 4129 582 4194 sed
615 4127 836 4211 unguentariis
860 4128 988 4212 magis).
1026 4127 1177 4192 Latinam
1200 4125 1363 4208 quandam

194 4234 373 4301 versionem
385 4235 485 4301 libelli
499 4235 666 4301 cuiusdam
684 4235 725 4299 de
737 4237 911 4318 unguentis
924 4235 957 4299 in
973 4242 1139 4300 auctorum
1155 4232 1261 4298 indice
1276 4232 1363 4296 haud

193 4342 347 4425 iuvenies,
371 4362 432 4406 nec
447 4342 627 4407 Romanum
651 4339 735 4406 hunc
753 4340 941 4425 scriptorem
960 4339 1058 4406 fuisse
1074 4338 1254 4404 Fabianum
1269 4342 1362 4422 puta·

194 4448 306 4534 verim,
330 4467 425 4531 quem
449 4447 658 4533 Sprengelius
678 4447 719 4512 de
735 4446 918 4532 unguentis,
935 4466 997 4529 quo
1013 4446 1082 4512 iure
1098 4444 1186 4510 haud
1200 4443 1362 4526 intellego,

195 4555 365 4644 scripsisse
396 4554 485 4641 dicit,
516 4555 637 4622 nullum
666 4554 896 4639 fragmentum,
926 4554 1014 4621 nulla
1043 4554 1157 4639 ecloga
1186 4571 1204 4619 e
1227 4550 1363 4618 Fabiani
