3409 5342
652 496 874 570 ..31-

284 701 417 767 Praeter
433 700 481 767 U*
496 700 611 783 reliqui
625 700 755 766 eodioes
771 707 845 786 post
859 705 990 779 πρᾶγμα
1002 700 1146 766 inserunt
1158 699 1347 786 σπουδαῖον,

178 810 266 893 quod
289 809 430 875 editores
455 815 654 894 receperunt.
690 808 812 874 Plinius
828 809 860 872 in
878 808 1055 893 exemplari
1071 828 1129 873 suo
1146 829 1208 873 non
1224 808 1349 893 legerat

179 917 235 1002 (ad
262 917 369 982 omnia
400 947 437 975 =
473 915 518 993 εἰς
549 920 613 980 πᾶν
644 919 797 999 πρᾶγμα).
835 914 960 993 Quodsi
992 919 1171 980 σπουδαῖον
1204 915 1347 999 legisset,

167 1025 314 1090 ¹fortasse
341 1023 486 1090 similiter
516 1030 614 1105 atque
645 1022 836 1088 Theodorus
867 1022 956 1087 Gaza
985 1022 1218 1089 transtulisset:
1250 1022 1348 1108 ,quod

178 1132 221 1197 ad
245 1150 370 1197 omnem
393 1150 460 1194 rem
483 1129 594 1213 magni
617 1129 768 1195 momenti
787 1128 973 1194 faciendam
987 1129 1126 1214 perutile
1142 1128 1349 1214 praedicatur

179 1241 371 1323 (σπουδαῖον
395 1277 437 1288 --
460 1236 570 1319 magni
592 1236 778 1321 momenti).‘
813 1237 995 1300 Σπουδαῑον
1019 1242 1068 1301 est
1083 1255 1162 1301 sane
1176 1236 1348 1320 glossema,

179 1366 255 1410 vero
289 1366 352 1410 non
387 1343 523 1413 otiosum
559 1343 749 1408 eorreetoris
781 1342 959 1428 cuiusdam,
1003 1342 1058 1425 qui
1096 1342 1158 1408 hoo
1194 1343 1349 1428 imprimis

179 1471 325 1538 premere
349 1450 479 1516 volebat
502 1449 664 1534 tripolium
689 1469 761 1515 esse
784 1450 930 1533 plantam
953 1449 1123 1534 perutilem
1147 1449 1190 1514 ad
1223 1470 1349 1515 omnem

179 1580 247 1624 rem
270 1559 430 1640 honam,
454 1577 518 1621 non
542 1576 613 1621 esse
637 1557 756 1621 malum
780 1575 947 1640 venenum,
982 1576 1055 1621 eum
1088 1562 1175 1621 reete
1208 1555 1350 1621 dubitari

179 1666 283 1750 possit
307 1664 347 1729 de
371 1684 466 1730 seusu
490 1663 659 1729 verborum
683 1663 727 1741 εἰς
750 1650 813 1727 πᾶν
836 1667 966 1742 πρᾶγμα
985 1665 1141 1743 χρήσιμον
1164 1654 1253 1728 εἷναί.

287 1825 368 1909 (lap.
394 1825 434 1889 18
459 1830 479 1907 ξ
501 1825 538 1888 11
566 1824 614 1888 U'l
638 1823 755 1889 omittit
777 1824 894 1889 verba:
918 1824 952 1888 ἐν
975 1824 1142 1906 Τροιζηνίᾳ
1161 1828 1197 1888 δὲ
1220 1825 1238 1888 ὁ
1262 1819 1350 1903 οἶνος

181 1933 319 2009 ἀγόνους
334 1934 416 1995 ποιεῖ
431 1932 506 2008 τοὺς
521 1931 681 2007 πίνοντας,
728 1929 851 1994 Plinius
867 1936 899 1993 et
915 1929 1111 2013 Athenaeus,
1133 1950 1228 2013 quem
1252 1952 1350 2017 supra

180 2037 317 2104 eandem
340 2043 437 2118 atque
461 2036 550 2099 illum
574 2035 792 2119 Theophrasti
822 2035 1042 2100 recensionem
1075 2035 1174 2118 sequi>
1200 2036 1349 2121 diximus,

181 2153 316 2227 uterque
339 2143 492 2208 exhibent
515 2141 716 2225 sententiam,
741 2161 825 2224 quae
848 2141 882 2205 in
905 2141 1018 2206 eodioe
1042 2142 1091 2206 U*
1116 2142 1283 2221 omittitur.
1349 2174 1351 2179 ¹

263 2375 343 2439 Plin.
368 2372 400 2436 h.
423 2393 454 2438 n.
478 2371 567 2455 XIV,
594 2371 657 2436 116
894 2371 969 2437 Ath.
995 2373 1020 2438 Ι.
1044 2393 1076 2456 p.
1101 2372 1142 2437 31
1157 2373 1243 2440 e-f.

226 2497 438 2564 Troezenium
468 2497 577 2561 vinum
608 2496 662 2578 qui
693 2495 739 2559 hi·
837 2495 874 2558 Ὁ
899 2499 935 2559 δὲ
958 2496 1142 2575 Τροιζήνιος
1164 2492 1253 2575 οἶνος
1269 2500 1352 2577 φησί

182 2608 260 2673 bant
282 2610 442 2689 negantur
465 2622 633 2686 generare.
795 2602 877 2686 (soil.
914 2602 1170 2687 Theophrastus)
1214 2605 1352 2683 ἀγόνους

794 2712 877 2772 ποιεῖ
900 2710 975 2786 τοὺς
997 2710 1156 2787 πίνοντας.

276 2939 365 3004 Mihi
390 2939 520 3022 quidem
544 2958 651 3005 errore
675 2939 801 3004 serihae
826 2938 995 3004 euiusdam
1024 2939 1105 3004 haee
1136 2941 1297 3006 sententia
1319 2942 1351 3005 in

183 3047 231 3111 ΙΙ*
262 3045 380 3111 omissa
410 3064 482 3111 esse
511 3044 655 3111 videtur:
687 3044 831 3127 sequitur
862 3044 947 3108 enim
977 3044 1009 3108 in
1033 3044 1252 3130 Theophrasti
1285 3046 1307 3109 l.
1331 3046 1352 3112 l.

187 3153 363 3217 sententia:
388 3153 422 3215 ἐν
446 3151 594 3234 Θάσῳ..
613 3200 643 3214 ..
667 3152 775 3229 ἕτερος
798 3150 968 3229 ἀγρυπνεῖν
990 3154 1074 3214 ποιεῖ
1095 3154 1171 3229 τοὺς
1193 3153 1352 3229 πίνοντας.

184 3259 309 3343 Nonne,
330 3257 416 3341 quod
432 3258 465 3321 in
489 3257 604 3322 eadem
628 3258 728 3323 verba
751 3263 889 3340 utraque
905 3257 972 3322 exit
990 3258 1150 3323 sententia
1173 3262 1264 3348 ιποιεῖ
1279 3261 1354 3335 τοὺς

181 3365 340 3444 πίνοντας’
366 3365 461 3430 faeile
485 3384 591 3429 errore
615 3365 740 3431 serihae
765 3366 870 3446 altera
893 3365 1128 3430 omittebatur?

289 3509 359 3575 Hoe
382 3508 480 3593 igitur
511 3519 632 3572 eertum
656 3507 784 3573 videtur
813 3508 1032 3573 reeensionem
1062 3507 1352 3594 Theophrasteam,

183 3636 282 3700 quam
312 3616 400 3701 apud
431 3616 604 3700 seriptores
635 3623 761 3699 veteres
792 3621 921 3680 exstare
953 3613 1105 3700 vidimus,
1144 3614 1306 3681 diversam
1334 3637 1354 3681 a
1434 3629 1435 3632 ’

183 3722 300 3790 nostris
317 3723 493 3806 oodieibus,
504 3722 661 3807 proxime,
673 3722 830 3787 aooedere
848 3722 891 3786 ad
901 3721 1119 3787 recensionem
1132 3722 1227 3788 eodd.
1237 3722 1354 3788 ΙΙ*Μ*.

182 3832 328 3913 Utraque
351 3851 428 3895 vero
451 3829 596 3895 recensio
621 3836 653 3893 et
676 3828 824 3894 eodioum
848 3828 896 3892 ΙΙ*
910 3828 961 3892 Μ*
986 3834 1017 3892 et
1040 3824 1112 3892 ΙΙΜΙ
1132 3829 1183 3913 (Ρ)
1208 3836 1355 3893 eorreota

184 3945 249 4017 est3
275 3935 386 4000 melior
402 3934 556 4018 reeensio,
567 3934 685 4019 ¹utpote
701 3956 721 3999 a
738 3953 802 4016 qua
817 3934 982 4019 paululum
1003 3933 1195 4019 scriptorum
1209 3935 1354 4000 reeensio

184 4044 357 4126 discrepet,
382 4042 530 4108 oodieum
554 4043 602 4108 ΙΙ*
616 4042 667 4106 Μ*
692 4040 820 4107 videtur
843 4061 926 4107 esse.

145 4178 147 4181 ’
273 4185 472 4270 Appendiois
495 4185 566 4249 loeo
596 4184 693 4249 lieeat
724 4186 836 4268 pauois
870 4182 976 4250 verbis
1008 4203 1170 4268 exponere
1193 4183 1354 4267 quomodo

183 4292 257 4376 ipsa
280 4290 528 4375 Theophrastea
550 4290 651 4354 verba
675 4296 822 4355 eorreeta
846 4309 917 4356 esse
941 4289 1090 4373 equidem
1114 4290 1265 4357 sentiam:

291 4435 492 4501 Describitur
515 4456 535 4499 a
559 4434 784 4519 Theophrasto
807 4433 836 4498 h.
855 4434 898 4518 pl.
919 4434 978 4519 IX,
1005 4434 1093 4518 19,3
1117 4433 1354 4519 heliochrysum

185 4542 404 4627 discrepantia
427 4549 535 4606 exstat
559 4541 641 4606 inter
667 4540 713 4605 ΙΙ*
738 4546 769 4605 et
793 4539 932 4622 reliquos
957 4540 1103 4627 codices:
