<?xml version="1.0" encoding="UTF-8"?>
<!DOCTYPE html PUBLIC "-//W3C//DTD XHTML 1.0 Transitional//EN"
    "http://www.w3.org/TR/xhtml1/DTD/xhtml1-transitional.dtd">
<html xmlns="http://www.w3.org/1999/xhtml" xml:lang="en" lang="en">
 <head>
  <title>
</title>
<meta http-equiv="Content-Type" content="text/html;charset=utf-8" />
  <meta name='ocr-system' content='tesseract 3.04.00' />
  <meta name='ocr-capabilities' content='ocr_page ocr_carea ocr_par ocr_line ocrx_word'/>
</head>
<body>
  <div class='ocr_page' id='page_1' title='image "./detheophrastier00wirtgoog_0042.png"; bbox 0 0 3409 5342; ppageno 0'>
   <div class='ocr_carea' id='block_1_1' title="bbox 1756 497 2194 570">
    <p class='ocr_par' dir='ltr' id='par_1_1' title="bbox 1756 497 2194 570">
     <span class='ocr_line' id='line_1_1' title="bbox 1756 497 2194 570; baseline 0.007 -16"><span class='ocrx_word' id='word_1_1' title='bbox 1756 497 2194 570; x_wconf 52' lang='grc' dir='ltr'><strong>....36..ἡ</strong></span> 
     </span>
    </p>
   </div>
   <div class='ocr_carea' id='block_1_2' title="bbox 630 714 3141 1567">
    <p class='ocr_par' dir='ltr' id='par_1_2' title="bbox 630 714 3141 1567">
     <span class='ocr_line' id='line_1_2' title="bbox 807 714 3141 804; baseline -0 -21"><span class='ocrx_word' id='word_1_2' title='bbox 807 714 1092 785; x_wconf 88' lang='lat' dir='ltr'><strong>omiserit</strong></span> <span class='ocrx_word' id='word_1_3' title='bbox 1138 718 1412 804; x_wconf 90' lang='lat' dir='ltr'><strong>omnino,</strong></span> <span class='ocrx_word' id='word_1_4' title='bbox 1460 719 1631 784; x_wconf 91' lang='lat' dir='ltr'><strong>unde</strong></span> <span class='ocrx_word' id='word_1_5' title='bbox 1660 719 1932 803; x_wconf 84' lang='lat' dir='ltr'><strong>colligas</strong></span> <span class='ocrx_word' id='word_1_6' title='bbox 1963 726 2116 785; x_wconf 88' lang='lat' dir='ltr'><strong>nota</strong></span> <span class='ocrx_word' id='word_1_7' title='bbox 2148 719 2430 803; x_wconf 87' lang='lat' dir='ltr'><strong>quadam</strong></span> <span class='ocrx_word' id='word_1_8' title='bbox 2460 719 2589 784; x_wconf 87' lang='lat' dir='ltr'><strong>iam</strong></span> <span class='ocrx_word' id='word_1_9' title='bbox 2619 717 2937 802; x_wconf 82' lang='lat' dir='ltr'><strong>editionis,</strong></span> <span class='ocrx_word' id='word_1_10' title='bbox 2972 737 3141 800; x_wconf 87' lang='lat' dir='ltr'><strong>quae</strong></span> 
     </span>
     <span class='ocr_line' id='line_1_3' title="bbox 804 826 3019 911; baseline 0 -22"><span class='ocrx_word' id='word_1_11' title='bbox 804 827 870 890; x_wconf 93' lang='lat' dir='ltr'><strong>in</strong></span> <span class='ocrx_word' id='word_1_12' title='bbox 916 827 1053 892; x_wconf 91' lang='lat' dir='ltr'><strong>eius</strong></span> <span class='ocrx_word' id='word_1_13' title='bbox 1099 826 1394 892; x_wconf 88' lang='lat' dir='ltr'><strong>manibus</strong></span> <span class='ocrx_word' id='word_1_14' title='bbox 1441 833 1600 910; x_wconf 87' lang='lat' dir='ltr'><strong>erat,</strong></span> <span class='ocrx_word' id='word_1_15' title='bbox 1649 827 1959 909; x_wconf 87' lang='lat' dir='ltr'><strong>ambigua</strong></span> <span class='ocrx_word' id='word_1_16' title='bbox 2006 827 2168 893; x_wconf 92' lang='lat' dir='ltr'><strong>haec</strong></span> <span class='ocrx_word' id='word_1_17' title='bbox 2214 827 2416 892; x_wconf 89' lang='lat' dir='ltr'><strong>verba</strong></span> <span class='ocrx_word' id='word_1_18' title='bbox 2464 826 2809 911; x_wconf 84' lang='lat' dir='ltr'><strong>designata</strong></span> <span class='ocrx_word' id='word_1_19' title='bbox 2855 844 3019 891; x_wconf 87' lang='lat' dir='ltr'><strong>esse.</strong></span> 
     </span>
     <span class='ocr_line' id='line_1_4' title="bbox 1019 932 3139 1019; baseline -0.001 -22"><span class='ocrx_word' id='word_1_20' title='bbox 1019 934 1276 999; x_wconf 81' lang='lat' dir='ltr'>Paucae</span> <span class='ocrx_word' id='word_1_21' title='bbox 1347 933 1624 1019; x_wconf 90' lang='lat' dir='ltr'><strong>duplicis</strong></span> <span class='ocrx_word' id='word_1_22' title='bbox 1688 933 2078 1000; x_wconf 82' lang='lat' dir='ltr'><strong>recensionis</strong></span> <span class='ocrx_word' id='word_1_23' title='bbox 2144 942 2407 1019; x_wconf 91' lang='lat' dir='ltr'><strong>praesto</strong></span> <span class='ocrx_word' id='word_1_24' title='bbox 2479 940 2626 1000; x_wconf 88' lang='lat' dir='ltr'><strong>sunt</strong></span> <span class='ocrx_word' id='word_1_25' title='bbox 2697 933 3009 1016; x_wconf 83' lang='lat' dir='ltr'><strong>reliquiae</strong></span> <span class='ocrx_word' id='word_1_26' title='bbox 3077 932 3139 996; x_wconf 92' lang='lat' dir='ltr'><strong>in</strong></span> 
     </span>
     <span class='ocr_line' id='line_1_5' title="bbox 805 1038 3138 1127; baseline -0.001 -23"><span class='ocrx_word' id='word_1_27' title='bbox 805 1038 1138 1106; x_wconf 78' lang='lat' dir='ltr'><strong>codicibus</strong></span> <span class='ocrx_word' id='word_1_28' title='bbox 1186 1047 1251 1105; x_wconf 91' lang='lat' dir='ltr'><strong>et</strong></span> <span class='ocrx_word' id='word_1_29' title='bbox 1295 1059 1375 1104; x_wconf 89' lang='lat' dir='ltr'><strong>ne</strong></span> <span class='ocrx_word' id='word_1_30' title='bbox 1420 1039 1486 1104; x_wconf 91' lang='lat' dir='ltr'><strong>in</strong></span> <span class='ocrx_word' id='word_1_31' title='bbox 1531 1040 1611 1106; x_wconf 91' lang='lat' dir='ltr'><strong>iis</strong></span> <span class='ocrx_word' id='word_1_32' title='bbox 1643 1039 1903 1122; x_wconf 89' lang='lat' dir='ltr'><strong>quidem</strong></span> <span class='ocrx_word' id='word_1_33' title='bbox 1935 1040 2128 1106; x_wconf 90' lang='lat' dir='ltr'><strong>facile</strong></span> <span class='ocrx_word' id='word_1_34' title='bbox 2162 1040 2503 1106; x_wconf 89' lang='lat' dir='ltr'><strong>diiudicari</strong></span> <span class='ocrx_word' id='word_1_35' title='bbox 2537 1047 2768 1127; x_wconf 86' lang='lat' dir='ltr'><strong>potest,</strong></span> <span class='ocrx_word' id='word_1_36' title='bbox 2817 1038 3138 1123; x_wconf 92' lang='lat' dir='ltr'><strong>quomodo</strong></span> 
     </span>
     <span class='ocr_line' id='line_1_6' title="bbox 762 1146 3139 1230; baseline 0 -20"><span class='ocrx_word' id='word_1_37' title='bbox 762 1189 768 1194; x_wconf 91' lang='lat'><em>-</em></span> <span class='ocrx_word' id='word_1_38' title='bbox 803 1166 1057 1229; x_wconf 90' lang='lat' dir='ltr'><strong>quoque</strong></span> <span class='ocrx_word' id='word_1_39' title='bbox 1102 1146 1246 1212; x_wconf 93' lang='lat' dir='ltr'><strong>loco</strong></span> <span class='ocrx_word' id='word_1_40' title='bbox 1293 1154 1357 1212; x_wconf 91' lang='lat' dir='ltr'><strong>et</strong></span> <span class='ocrx_word' id='word_1_41' title='bbox 1404 1167 1534 1230; x_wconf 90' lang='lat' dir='ltr'><strong>qua</strong></span> <span class='ocrx_word' id='word_1_42' title='bbox 1580 1146 1662 1211; x_wconf 89' lang='lat' dir='ltr'><strong>de</strong></span> <span class='ocrx_word' id='word_1_43' title='bbox 1713 1167 1913 1213; x_wconf 89' lang='lat' dir='ltr'><strong>causa</strong></span> <span class='ocrx_word' id='word_1_44' title='bbox 1959 1147 2226 1214; x_wconf 89' lang='lat' dir='ltr'><strong>additae</strong></span> <span class='ocrx_word' id='word_1_45' title='bbox 2285 1148 2387 1213; x_wconf 87' lang='lat' dir='ltr'><strong>vel</strong></span> <span class='ocrx_word' id='word_1_46' title='bbox 2450 1155 2780 1213; x_wconf 84' lang='lat' dir='ltr'><strong>correctae</strong></span> <span class='ocrx_word' id='word_1_47' title='bbox 2827 1147 2954 1213; x_wconf 91' lang='lat' dir='ltr'><strong>sint</strong></span> <span class='ocrx_word' id='word_1_48' title='bbox 2999 1166 3139 1212; x_wconf 91' lang='lat' dir='ltr'><strong>sen-</strong></span> 
     </span>
     <span class='ocr_line' id='line_1_7' title="bbox 657 1253 3139 1355; baseline 0.001 -37"><span class='ocrx_word' id='word_1_49' title='bbox 657 1318 675 1355; x_wconf 70' lang='lat' dir='ltr'><strong><em>s</em></strong></span> <span class='ocrx_word' id='word_1_50' title='bbox 802 1253 1044 1321; x_wconf 84' lang='lat' dir='ltr'><strong>tentiae</strong></span> <span class='ocrx_word' id='word_1_51' title='bbox 1075 1253 1405 1336; x_wconf 88' lang='lat' dir='ltr'><strong>utriusque</strong></span> <span class='ocrx_word' id='word_1_52' title='bbox 1436 1253 1847 1338; x_wconf 85' lang='lat' dir='ltr'><strong>recensionis,</strong></span> <span class='ocrx_word' id='word_1_53' title='bbox 1880 1254 2003 1320; x_wconf 88' lang='lat' dir='ltr'><strong>etsi</strong></span> <span class='ocrx_word' id='word_1_54' title='bbox 2040 1261 2252 1322; x_wconf 91' lang='lat' dir='ltr'><strong>rectas</strong></span> <span class='ocrx_word' id='word_1_55' title='bbox 2282 1254 2805 1341; x_wconf 89' lang='lat' dir='ltr'><strong>Theophrasteas</strong></span> <span class='ocrx_word' id='word_1_56' title='bbox 2831 1253 3139 1320; x_wconf 90' lang='lat' dir='ltr'><strong>lectiones</strong></span> 
     </span>
     <span class='ocr_line' id='line_1_8' title="bbox 630 1312 3136 1482; baseline 0 -57"><span class='ocrx_word' id='word_1_57' title='bbox 630 1312 709 1482; x_wconf 58' lang='lat' dir='ltr'><strong>ss</strong></span> <span class='ocrx_word' id='word_1_58' title='bbox 802 1361 1178 1445; x_wconf 91' lang='lat' dir='ltr'><strong>plerumque</strong></span> <span class='ocrx_word' id='word_1_59' title='bbox 1234 1361 1607 1427; x_wconf 90' lang='lat' dir='ltr'><strong>recensione</strong></span> <span class='ocrx_word' id='word_1_60' title='bbox 1674 1362 1919 1428; x_wconf 90' lang='lat' dir='ltr'><strong>codicis</strong></span> <span class='ocrx_word' id='word_1_61' title='bbox 1980 1362 2077 1427; x_wconf 77' lang='lat' dir='ltr'><strong>U*</strong></span> <span class='ocrx_word' id='word_1_62' title='bbox 2139 1362 2384 1428; x_wconf 87' lang='lat' dir='ltr'><strong>servari</strong></span> <span class='ocrx_word' id='word_1_63' title='bbox 2449 1362 2746 1429; x_wconf 87' lang='lat' dir='ltr'><strong>vidimus.</strong></span> <span class='ocrx_word' id='word_1_64' title='bbox 2838 1361 3136 1427; x_wconf 85' lang='lat' dir='ltr'><strong>Pluribus</strong></span> 
     </span>
     <span class='ocr_line' id='line_1_9' title="bbox 652 1467 2132 1567; baseline 0.003 -36"><span class='ocrx_word' id='word_1_65' title='bbox 652 1472 668 1567; x_wconf 49' lang='lat' dir='ltr'><strong>:l</strong></span> <span class='ocrx_word' id='word_1_66' title='bbox 747 1474 751 1478; x_wconf 80' lang='grc'>’</span> <span class='ocrx_word' id='word_1_67' title='bbox 798 1467 958 1533; x_wconf 91' lang='lat' dir='ltr'><strong>locis</strong></span> <span class='ocrx_word' id='word_1_68' title='bbox 1004 1467 1250 1534; x_wconf 91' lang='lat' dir='ltr'><strong>Plinius</strong></span> <span class='ocrx_word' id='word_1_69' title='bbox 1298 1476 1697 1534; x_wconf 89' lang='lat' dir='ltr'><strong>correcturas</strong></span> <span class='ocrx_word' id='word_1_70' title='bbox 1743 1468 1890 1534; x_wconf 91' lang='lat' dir='ltr'><strong>illas</strong></span> <span class='ocrx_word' id='word_1_71' title='bbox 1935 1468 2132 1536; x_wconf 87' lang='lat' dir='ltr'><strong>novit.</strong></span> 
     </span>
    </p>
   </div>
   <div class='ocr_carea' id='block_1_3' title="bbox 1906 1699 2026 1765">
    <p class='ocr_par' dir='ltr' id='par_1_3' title="bbox 1906 1699 2026 1765">
     <span class='ocr_line' id='line_1_10' title="bbox 1906 1699 2026 1765; baseline 0.017 -2"><span class='ocrx_word' id='word_1_72' title='bbox 1906 1699 2026 1765; x_wconf 91' lang='grc' dir='ltr'><strong>ΙΙΙ.</strong></span> 
     </span>
    </p>
   </div>
   <div class='ocr_carea' id='block_1_4' title="bbox 798 1856 3132 2068">
    <p class='ocr_par' dir='ltr' id='par_1_4' title="bbox 798 1856 3132 2068">
     <span class='ocr_line' id='line_1_11' title="bbox 798 1856 3132 1948; baseline -0.003 -20"><span class='ocrx_word' id='word_1_73' title='bbox 798 1862 1363 1948; x_wconf 85' lang='lat' dir='ltr'><strong>Theophrasti</strong></span> <span class='ocrx_word' id='word_1_74' title='bbox 1406 1862 1670 1927; x_wconf 88' lang='lat' dir='ltr'><strong>libros</strong></span> <span class='ocrx_word' id='word_1_75' title='bbox 1717 1859 2320 1947; x_wconf 83' lang='lat' dir='ltr'><strong>phytologicos</strong></span> <span class='ocrx_word' id='word_1_76' title='bbox 2382 1858 2517 1943; x_wconf 87' lang='lat' dir='ltr'><strong>qui</strong></span> <span class='ocrx_word' id='word_1_77' title='bbox 2574 1856 3132 1941; x_wconf 85' lang='lat' dir='ltr'><strong>correxerint,</strong></span> 
     </span>
     <span class='ocr_line' id='line_1_12' title="bbox 1481 1983 2449 2068; baseline -0.001 -18"><span class='ocrx_word' id='word_1_78' title='bbox 1481 1986 1614 2068; x_wconf 90' lang='lat' dir='ltr'><strong>qui</strong></span> <span class='ocrx_word' id='word_1_79' title='bbox 1669 1984 2202 2050; x_wconf 89' lang='lat' dir='ltr'><strong>commentati</strong></span> <span class='ocrx_word' id='word_1_80' title='bbox 2263 1983 2449 2050; x_wconf 92' lang='lat' dir='ltr'><strong>sint.</strong></span> 
     </span>
    </p>
   </div>
   <div class='ocr_carea' id='block_1_5' title="bbox 790 2144 3132 4369">
    <p class='ocr_par' dir='ltr' id='par_1_5' title="bbox 790 2144 3132 2873">
     <span class='ocr_line' id='line_1_13' title="bbox 1008 2144 3132 2234; baseline -0.002 -22"><span class='ocrx_word' id='word_1_81' title='bbox 1008 2147 1349 2213; x_wconf 80' lang='lat' dir='ltr'><strong>Correctos</strong></span> <span class='ocrx_word' id='word_1_82' title='bbox 1380 2154 1445 2212; x_wconf 91' lang='lat' dir='ltr'><strong>et</strong></span> <span class='ocrx_word' id='word_1_83' title='bbox 1468 2146 1890 2231; x_wconf 89' lang='lat' dir='ltr'><strong>interpolatos</strong></span> <span class='ocrx_word' id='word_1_84' title='bbox 1923 2166 2064 2212; x_wconf 92' lang='lat' dir='ltr'><strong>esse</strong></span> <span class='ocrx_word' id='word_1_85' title='bbox 2096 2146 2372 2212; x_wconf 87' lang='lat' dir='ltr'><strong>vidimus</strong></span> <span class='ocrx_word' id='word_1_86' title='bbox 2405 2144 2838 2234; x_wconf 83' lang='lat' dir='ltr'><strong>Theophrasti</strong></span> <span class='ocrx_word' id='word_1_87' title='bbox 2866 2144 3066 2208; x_wconf 88' lang='lat' dir='ltr'><strong>libros</strong></span> <span class='ocrx_word' id='word_1_88' title='bbox 3099 2163 3132 2207; x_wconf 92' lang='lat' dir='ltr'><strong>e</strong></span> 
     </span>
     <span class='ocr_line' id='line_1_14' title="bbox 793 2250 3132 2339; baseline -0.001 -22"><span class='ocrx_word' id='word_1_89' title='bbox 793 2253 957 2317; x_wconf 91' lang='lat' dir='ltr'><strong>libro</strong></span> <span class='ocrx_word' id='word_1_90' title='bbox 1005 2253 1287 2336; x_wconf 88' lang='lat' dir='ltr'><strong>quodam</strong></span> <span class='ocrx_word' id='word_1_91' title='bbox 1334 2253 1783 2339; x_wconf 83' lang='lat' dir='ltr'><strong>phytologico,</strong></span> <span class='ocrx_word' id='word_1_92' title='bbox 1833 2253 2012 2318; x_wconf 91' lang='lat' dir='ltr'><strong>cuius</strong></span> <span class='ocrx_word' id='word_1_93' title='bbox 2059 2253 2339 2336; x_wconf 84' lang='lat' dir='ltr'><strong>vestigia</strong></span> <span class='ocrx_word' id='word_1_94' title='bbox 2396 2253 2461 2316; x_wconf 90' lang='lat' dir='ltr'><strong>in</strong></span> <span class='ocrx_word' id='word_1_95' title='bbox 2509 2251 2906 2317; x_wconf 90' lang='lat' dir='ltr'><strong>Dioscoridis</strong></span> <span class='ocrx_word' id='word_1_96' title='bbox 2952 2250 3132 2315; x_wconf 91' lang='lat' dir='ltr'><strong>libris</strong></span> 
     </span>
     <span class='ocr_line' id='line_1_15' title="bbox 792 2356 3132 2444; baseline -0.002 -20"><span class='ocrx_word' id='word_1_97' title='bbox 792 2359 1111 2426; x_wconf 85' lang='lat' dir='ltr'><strong>invenisse</strong></span> <span class='ocrx_word' id='word_1_98' title='bbox 1143 2360 1327 2425; x_wconf 87' lang='lat' dir='ltr'><strong>nobis</strong></span> <span class='ocrx_word' id='word_1_99' title='bbox 1359 2359 1671 2444; x_wconf 87' lang='lat' dir='ltr'><strong>videmur,</strong></span> <span class='ocrx_word' id='word_1_100' title='bbox 1717 2379 1906 2442; x_wconf 88' lang='lat' dir='ltr'><strong>quem</strong></span> <span class='ocrx_word' id='word_1_101' title='bbox 1945 2367 2009 2425; x_wconf 89' lang='lat' dir='ltr'><strong>et</strong></span> <span class='ocrx_word' id='word_1_102' title='bbox 2038 2359 2366 2427; x_wconf 89' lang='lat' dir='ltr'><strong>Nicander</strong></span> <span class='ocrx_word' id='word_1_103' title='bbox 2398 2357 2484 2423; x_wconf 92' lang='lat' dir='ltr'><strong>ad</strong></span> <span class='ocrx_word' id='word_1_104' title='bbox 2514 2359 2799 2424; x_wconf 90' lang='lat' dir='ltr'><strong>carmina</strong></span> <span class='ocrx_word' id='word_1_105' title='bbox 2829 2356 3132 2421; x_wconf 87' lang='lat' dir='ltr'><strong>facienda</strong></span> 
     </span>
     <span class='ocr_line' id='line_1_16' title="bbox 793 2464 3130 2550; baseline -0.002 -18"><span class='ocrx_word' id='word_1_106' title='bbox 793 2466 1170 2533; x_wconf 88' lang='lat' dir='ltr'><strong>adhibuisse</strong></span> <span class='ocrx_word' id='word_1_107' title='bbox 1231 2467 1505 2533; x_wconf 86' lang='lat' dir='ltr'><strong>videtur.</strong></span> <span class='ocrx_word' id='word_1_108' title='bbox 1601 2468 1847 2532; x_wconf 86' lang='lat' dir='ltr'><strong>Tamen</strong></span> <span class='ocrx_word' id='word_1_109' title='bbox 1895 2488 2021 2531; x_wconf 92' lang='lat' dir='ltr'><strong>non</strong></span> <span class='ocrx_word' id='word_1_110' title='bbox 2069 2466 2273 2532; x_wconf 88' lang='lat' dir='ltr'><strong>solum</strong></span> <span class='ocrx_word' id='word_1_111' title='bbox 2319 2465 2639 2531; x_wconf 90' lang='lat' dir='ltr'><strong>medicum</strong></span> <span class='ocrx_word' id='word_1_112' title='bbox 2687 2465 2790 2531; x_wconf 87' lang='lat' dir='ltr'><strong>vel</strong></span> <span class='ocrx_word' id='word_1_113' title='bbox 2836 2464 3130 2550; x_wconf 84' lang='lat' dir='ltr'><strong>phytolo-</strong></span> 
     </span>
     <span class='ocr_line' id='line_1_17' title="bbox 791 2571 3128 2659; baseline -0 -22"><span class='ocrx_word' id='word_1_114' title='bbox 791 2592 965 2659; x_wconf 87' lang='lat' dir='ltr'><strong>gum,</strong></span> <span class='ocrx_word' id='word_1_115' title='bbox 1014 2574 1130 2640; x_wconf 92' lang='lat' dir='ltr'><strong>sed</strong></span> <span class='ocrx_word' id='word_1_116' title='bbox 1180 2574 1374 2639; x_wconf 91' lang='lat' dir='ltr'><strong>etiam</strong></span> <span class='ocrx_word' id='word_1_117' title='bbox 1420 2573 1827 2658; x_wconf 84' lang='lat' dir='ltr'><strong>grammatici</strong></span> <span class='ocrx_word' id='word_1_118' title='bbox 1875 2574 1977 2638; x_wconf 89' lang='lat' dir='ltr'><strong>vel</strong></span> <span class='ocrx_word' id='word_1_119' title='bbox 2011 2573 2401 2639; x_wconf 88' lang='lat' dir='ltr'><strong>scholiastae</strong></span> <span class='ocrx_word' id='word_1_120' title='bbox 2438 2572 2717 2656; x_wconf 84' lang='lat' dir='ltr'><strong>vestigia</strong></span> <span class='ocrx_word' id='word_1_121' title='bbox 2753 2571 3128 2636; x_wconf 67' lang='lat' dir='ltr'><strong>invenimus</strong></span> 
     </span>
     <span class='ocr_line' id='line_1_18' title="bbox 790 2678 3129 2766; baseline -0.002 -22"><span class='ocrx_word' id='word_1_122' title='bbox 790 2681 888 2744; x_wconf 94' lang='lat' dir='ltr'><strong>Ac</strong></span> <span class='ocrx_word' id='word_1_123' title='bbox 935 2682 1208 2765; x_wconf 81' lang='lat' dir='ltr'><strong>primum</strong></span> <span class='ocrx_word' id='word_1_124' title='bbox 1254 2681 1464 2746; x_wconf 89' lang='lat' dir='ltr'><strong>redire</strong></span> <span class='ocrx_word' id='word_1_125' title='bbox 1510 2681 1701 2746; x_wconf 88' lang='lat' dir='ltr'><strong>velim</strong></span> <span class='ocrx_word' id='word_1_126' title='bbox 1749 2680 1835 2745; x_wconf 90' lang='lat' dir='ltr'><strong>ad</strong></span> <span class='ocrx_word' id='word_1_127' title='bbox 1884 2680 2439 2766; x_wconf 87' lang='lat' dir='ltr'><strong>Theophrasteam</strong></span> <span class='ocrx_word' id='word_1_128' title='bbox 2489 2680 2780 2764; x_wconf 85' lang='lat' dir='ltr'><strong>eclogam</strong></span> <span class='ocrx_word' id='word_1_129' title='bbox 2814 2678 3129 2743; x_wconf 88' lang='lat' dir='ltr'><strong>Athenaei</strong></span> 
     </span>
     <span class='ocr_line' id='line_1_19' title="bbox 792 2787 2827 2873; baseline 0.001 -22"><span class='ocrx_word' id='word_1_130' title='bbox 792 2787 908 2872; x_wconf 88' lang='lat' dir='ltr'><strong>XI,</strong></span> <span class='ocrx_word' id='word_1_131' title='bbox 956 2809 1019 2872; x_wconf 91' lang='lat' dir='ltr'><strong>p.</strong></span> <span class='ocrx_word' id='word_1_132' title='bbox 1067 2790 1200 2854; x_wconf 80' lang='lat'><strong>470</strong></span> <span class='ocrx_word' id='word_1_133' title='bbox 1242 2788 1286 2873; x_wconf 75' lang='lat' dir='ltr'><strong>t,</strong></span> <span class='ocrx_word' id='word_1_134' title='bbox 1334 2788 1417 2853; x_wconf 92' lang='lat' dir='ltr'><strong>de</strong></span> <span class='ocrx_word' id='word_1_135' title='bbox 1465 2808 1594 2871; x_wconf 91' lang='lat' dir='ltr'><strong>qua</strong></span> <span class='ocrx_word' id='word_1_136' title='bbox 1640 2788 1770 2852; x_wconf 92' lang='lat' dir='ltr'><strong>iam</strong></span> <span class='ocrx_word' id='word_1_137' title='bbox 1817 2808 2016 2873; x_wconf 91' lang='lat' dir='ltr'><strong>supra</strong></span> <span class='ocrx_word' id='word_1_138' title='bbox 2062 2810 2125 2873; x_wconf 89' lang='lat' dir='ltr'><strong>p.</strong></span> <span class='ocrx_word' id='word_1_139' title='bbox 2179 2790 2213 2854; x_wconf 81' lang='lat'><strong>7</strong></span> <span class='ocrx_word' id='word_1_140' title='bbox 2263 2808 2358 2870; x_wconf 88' lang='lat' dir='ltr'><strong>sq.</strong></span> <span class='ocrx_word' id='word_1_141' title='bbox 2409 2787 2650 2853; x_wconf 88' lang='lat' dir='ltr'><strong>dictum</strong></span> <span class='ocrx_word' id='word_1_142' title='bbox 2697 2793 2827 2853; x_wconf 87' lang='lat' dir='ltr'><strong>est:</strong></span> 
     </span>
    </p>

    <p class='ocr_par' dir='ltr' id='par_1_6' title="bbox 790 2892 3130 4369">
     <span class='ocr_line' id='line_1_20' title="bbox 1003 2892 3127 2978; baseline -0 -21"><span class='ocrx_word' id='word_1_143' title='bbox 1003 2895 1432 2974; x_wconf 85' lang='grc' dir='ltr'>Θεόφραστος</span> <span class='ocrx_word' id='word_1_144' title='bbox 1486 2894 1554 2959; x_wconf 82' lang='grc' dir='ltr'><strong>ἑν</strong></span> <span class='ocrx_word' id='word_1_145' title='bbox 1612 2901 1684 2978; x_wconf 84' lang='grc' dir='ltr'><strong>τῇ</strong></span> <span class='ocrx_word' id='word_1_146' title='bbox 1749 2896 1890 2973; x_wconf 89' lang='grc' dir='ltr'>περὶ</span> <span class='ocrx_word' id='word_1_147' title='bbox 1955 2899 2177 2974; x_wconf 88' lang='grc' dir='ltr'>φυτῶν</span> <span class='ocrx_word' id='word_1_148' title='bbox 2238 2894 2489 2978; x_wconf 77' lang='grc' dir='ltr'>ἱστορίᾳ</span> <span class='ocrx_word' id='word_1_149' title='bbox 2549 2893 2637 2978; x_wconf 91' lang='lat' dir='ltr'><strong>(h.</strong></span> <span class='ocrx_word' id='word_1_150' title='bbox 2685 2893 2773 2977; x_wconf 84' lang='lat' dir='ltr'><strong>pl.</strong></span> <span class='ocrx_word' id='word_1_151' title='bbox 2821 2892 2899 2977; x_wconf 89' lang='lat' dir='ltr'><strong>V,</strong></span> <span class='ocrx_word' id='word_1_152' title='bbox 2948 2892 3008 2976; x_wconf 88' lang='lat'><strong>3,</strong></span> <span class='ocrx_word' id='word_1_153' title='bbox 3060 2894 3127 2976; x_wconf 79' lang='lat'><strong>2)</strong></span> 
     </span>
     <span class='ocr_line' id='line_1_21' title="bbox 792 3001 3128 3093; baseline 0 -29"><span class='ocrx_word' id='word_1_154' title='bbox 792 3001 1208 3079; x_wconf 80' lang='grc' dir='ltr'>διηγούμενος</span> <span class='ocrx_word' id='word_1_155' title='bbox 1264 3003 1387 3081; x_wconf 88' lang='grc' dir='ltr'><strong>γὰρ</strong></span> <span class='ocrx_word' id='word_1_156' title='bbox 1447 3004 1588 3081; x_wconf 80' lang='grc' dir='ltr'>περὶ</span> <span class='ocrx_word' id='word_1_157' title='bbox 1648 3007 1763 3080; x_wconf 87' lang='grc' dir='ltr'><strong>τῆς</strong></span> <span class='ocrx_word' id='word_1_158' title='bbox 1819 3001 2155 3080; x_wconf 81' lang='grc' dir='ltr'>τερμίνθου</span> <span class='ocrx_word' id='word_1_159' title='bbox 2224 3003 2388 3081; x_wconf 88' lang='grc' dir='ltr'>φησί</span> <span class='ocrx_word' id='word_1_160' title='bbox 2454 3002 2885 3093; x_wconf 66' lang='grc' dir='ltr'><strong>ςτορνεύεσθαι</strong></span> <span class='ocrx_word' id='word_1_161' title='bbox 2943 3003 3013 3063; x_wconf 80' lang='grc' dir='ltr'><strong>δὲ</strong></span> <span class='ocrx_word' id='word_1_162' title='bbox 3067 3001 3128 3065; x_wconf 82' lang='grc' dir='ltr'><strong>ἐξ</strong></span> 
     </span>
     <span class='ocr_line' id='line_1_22' title="bbox 792 3107 3129 3189; baseline -0.001 -19"><span class='ocrx_word' id='word_1_163' title='bbox 792 3112 987 3185; x_wconf 84' lang='grc' dir='ltr'>αὐτῆς</span> <span class='ocrx_word' id='word_1_164' title='bbox 1033 3110 1133 3172; x_wconf 89' lang='grc' dir='ltr'><strong>καὶ</strong></span> <span class='ocrx_word' id='word_1_165' title='bbox 1167 3109 1419 3186; x_wconf 86' lang='grc' dir='ltr'>κύλικας</span> <span class='ocrx_word' id='word_1_166' title='bbox 1450 3110 1859 3187; x_wconf 87' lang='grc' dir='ltr'>θηρικλείους,</span> <span class='ocrx_word' id='word_1_167' title='bbox 1891 3108 2061 3172; x_wconf 86' lang='grc' dir='ltr'>ὥστε</span> <span class='ocrx_word' id='word_1_168' title='bbox 2095 3109 2335 3187; x_wconf 83' lang='grc' dir='ltr'>μηδένα</span> <span class='ocrx_word' id='word_1_169' title='bbox 2373 3108 2554 3189; x_wconf 93' lang='grc' dir='ltr'>&lt;ἂν&gt;</span> <span class='ocrx_word' id='word_1_170' title='bbox 2588 3110 2928 3182; x_wconf 82' lang='grc' dir='ltr'>διαγνῶναι</span> <span class='ocrx_word' id='word_1_171' title='bbox 2965 3107 3129 3183; x_wconf 90' lang='grc' dir='ltr'>πρὸς</span> 
     </span>
     <span class='ocr_line' id='line_1_23' title="bbox 790 3212 3130 3294; baseline -0 -18"><span class='ocrx_word' id='word_1_172' title='bbox 790 3216 906 3290; x_wconf 68' lang='grc' dir='ltr'><strong>τὰς</strong></span> <span class='ocrx_word' id='word_1_173' title='bbox 934 3216 1269 3293; x_wconf 73' lang='grc' dir='ltr'>κεραμέαςῖ</span> <span class='ocrx_word' id='word_1_174' title='bbox 1316 3218 1787 3279; x_wconf 89' lang='grc' dir='ltr'>κατασκευάσαι</span> <span class='ocrx_word' id='word_1_175' title='bbox 1816 3219 1886 3279; x_wconf 81' lang='grc' dir='ltr'><strong>δὲ</strong></span> <span class='ocrx_word' id='word_1_176' title='bbox 1912 3218 2152 3292; x_wconf 86' lang='grc' dir='ltr'>λέγεται</span> <span class='ocrx_word' id='word_1_177' title='bbox 2178 3218 2292 3294; x_wconf 85' lang='grc' dir='ltr'><strong>τήν</strong></span> <span class='ocrx_word' id='word_1_178' title='bbox 2317 3215 2533 3279; x_wconf 89' lang='grc' dir='ltr'>κύλικα</span> <span class='ocrx_word' id='word_1_179' title='bbox 2557 3212 2790 3291; x_wconf 80' lang='grc' dir='ltr'>ταύτην</span> <span class='ocrx_word' id='word_1_180' title='bbox 2815 3212 3130 3291; x_wconf 86' lang='grc' dir='ltr'>Θηρικλῆς</span> 
     </span>
     <span class='ocr_line' id='line_1_24' title="bbox 790 3319 3127 3401; baseline 0 -20"><span class='ocrx_word' id='word_1_181' title='bbox 790 3324 826 3380; x_wconf 76' lang='lat' dir='ltr'><strong>h</strong></span> <span class='ocrx_word' id='word_1_182' title='bbox 866 3320 1190 3398; x_wconf 71' lang='grc' dir='ltr'>Κορίνθιος</span> <span class='ocrx_word' id='word_1_183' title='bbox 1219 3323 1542 3400; x_wconf 86' lang='grc' dir='ltr'>κεραμεύς,</span> <span class='ocrx_word' id='word_1_184' title='bbox 1574 3321 1768 3401; x_wconf 86' lang='grc' dir='ltr'><strong>άφόὗ</strong></span> <span class='ocrx_word' id='word_1_185' title='bbox 1801 3325 1902 3386; x_wconf 88' lang='grc' dir='ltr'><strong>καὶ</strong></span> <span class='ocrx_word' id='word_1_186' title='bbox 1927 3322 2208 3400; x_wconf 84' lang='grc' dir='ltr'>τοῦνομα</span> <span class='ocrx_word' id='word_1_187' title='bbox 2238 3322 2378 3401; x_wconf 80' lang='grc' dir='ltr'>ἔχει,</span> <span class='ocrx_word' id='word_1_188' title='bbox 2403 3323 2689 3397; x_wconf 82' lang='grc' dir='ltr'>γεγονὼς</span> <span class='ocrx_word' id='word_1_189' title='bbox 2712 3322 2847 3395; x_wconf 87' lang='grc' dir='ltr'>τοῖς</span> <span class='ocrx_word' id='word_1_190' title='bbox 2871 3319 3127 3398; x_wconf 90' lang='grc' dir='ltr'>χρόνοις</span> 
     </span>
     <span class='ocr_line' id='line_1_25' title="bbox 790 3424 3127 3508; baseline 0 -20"><span class='ocrx_word' id='word_1_191' title='bbox 790 3432 946 3488; x_wconf 66' lang='grc' dir='ltr'><strong>κατὰ</strong></span> <span class='ocrx_word' id='word_1_192' title='bbox 992 3429 1104 3492; x_wconf 83' lang='grc' dir='ltr'><strong>τὸν</strong></span> <span class='ocrx_word' id='word_1_193' title='bbox 1145 3431 1420 3505; x_wconf 84' lang='grc' dir='ltr'>κωμικὸν</span> <span class='ocrx_word' id='word_1_194' title='bbox 1446 3427 1887 3508; x_wconf 87' lang='grc' dir='ltr'>Ἀριστοφάνη.</span> <span class='ocrx_word' id='word_1_195' title='bbox 1958 3428 2363 3494; x_wconf 87' lang='lat' dir='ltr'><strong>Scholiastae</strong></span> <span class='ocrx_word' id='word_1_196' title='bbox 2393 3448 2599 3492; x_wconf 90' lang='lat' dir='ltr'><strong>nonne</strong></span> <span class='ocrx_word' id='word_1_197' title='bbox 2632 3425 2908 3507; x_wconf 87' lang='lat' dir='ltr'><strong>vestigia</strong></span> <span class='ocrx_word' id='word_1_198' title='bbox 2944 3424 3127 3489; x_wconf 84' lang='lat' dir='ltr'><strong>vides</strong></span> 
     </span>
     <span class='ocr_line' id='line_1_26' title="bbox 794 3535 3127 3621; baseline 0.001 -25"><span class='ocrx_word' id='word_1_199' title='bbox 794 3536 850 3596; x_wconf 83' lang='grc' dir='ltr'><strong>ἱιι</strong></span> <span class='ocrx_word' id='word_1_200' title='bbox 926 3535 1241 3600; x_wconf 68' lang='lat' dir='ltr'><strong>sententia</strong></span> <span class='ocrx_word' id='word_1_201' title='bbox 1310 3537 1392 3600; x_wconf 91' lang='lat' dir='ltr'><strong>ab</strong></span> <span class='ocrx_word' id='word_1_202' title='bbox 1458 3536 1599 3620; x_wconf 89' lang='lat' dir='ltr'><strong>ipso</strong></span> <span class='ocrx_word' id='word_1_203' title='bbox 1654 3537 1989 3602; x_wconf 86' lang='lat' dir='ltr'><strong>Athenaeo</strong></span> <span class='ocrx_word' id='word_1_204' title='bbox 2051 3537 2306 3621; x_wconf 89' lang='lat' dir='ltr'><strong>addita,</strong></span> <span class='ocrx_word' id='word_1_205' title='bbox 2385 3535 2863 3621; x_wconf 85' lang='lat' dir='ltr'><strong>ethymologiae</strong></span> <span class='ocrx_word' id='word_1_206' title='bbox 2927 3554 3127 3599; x_wconf 91' lang='lat' dir='ltr'><strong>causa</strong></span> 
     </span>
     <span class='ocr_line' id='line_1_27' title="bbox 790 3641 3122 3726; baseline 0 -22"><span class='ocrx_word' id='word_1_207' title='bbox 790 3642 1095 3708; x_wconf 76' lang='lat' dir='ltr'><strong>adiectivi</strong></span> <span class='ocrx_word' id='word_1_208' title='bbox 1142 3644 1535 3721; x_wconf 82' lang='grc' dir='ltr'>Θηρικλείους</span> <span class='ocrx_word' id='word_1_209' title='bbox 1584 3643 1666 3708; x_wconf 92' lang='lat' dir='ltr'><strong>de</strong></span> <span class='ocrx_word' id='word_1_210' title='bbox 1714 3644 2012 3708; x_wconf 91' lang='lat' dir='ltr'><strong>Thericle</strong></span> <span class='ocrx_word' id='word_1_211' title='bbox 2060 3643 2495 3708; x_wconf 77' lang='lat' dir='ltr'><strong>fabricatore?</strong></span> <span class='ocrx_word' id='word_1_212' title='bbox 2587 3643 2912 3726; x_wconf 90' lang='lat' dir='ltr'><strong>Miramur,</strong></span> <span class='ocrx_word' id='word_1_213' title='bbox 2950 3641 3122 3723; x_wconf 89' lang='lat' dir='ltr'><strong>quod</strong></span> 
     </span>
     <span class='ocr_line' id='line_1_28' title="bbox 790 3748 3125 3835; baseline 0 -23"><span class='ocrx_word' id='word_1_214' title='bbox 790 3768 934 3812; x_wconf 69' lang='lat' dir='ltr'><strong>uum</strong></span> <span class='ocrx_word' id='word_1_215' title='bbox 980 3749 1223 3814; x_wconf 90' lang='lat' dir='ltr'><strong>Plinius</strong></span> <span class='ocrx_word' id='word_1_216' title='bbox 1271 3749 1443 3814; x_wconf 90' lang='lat' dir='ltr'><strong>idem</strong></span> <span class='ocrx_word' id='word_1_217' title='bbox 1491 3750 1647 3815; x_wconf 88' lang='lat' dir='ltr'><strong>dicit</strong></span> <span class='ocrx_word' id='word_1_218' title='bbox 1693 3751 1755 3816; x_wconf 91' lang='lat' dir='ltr'><strong>h.</strong></span> <span class='ocrx_word' id='word_1_219' title='bbox 1790 3772 1850 3817; x_wconf 91' lang='lat' dir='ltr'><strong>n.</strong></span> <span class='ocrx_word' id='word_1_220' title='bbox 1885 3751 2062 3835; x_wconf 94' lang='lat' dir='ltr'><strong>XVI,</strong></span> <span class='ocrx_word' id='word_1_221' title='bbox 2111 3753 2242 3817; x_wconf 81' lang='lat'><strong>205</strong></span> <span class='ocrx_word' id='word_1_222' title='bbox 2291 3751 2663 3835; x_wconf 87' lang='lat' dir='ltr'><strong>,celebravit</strong></span> <span class='ocrx_word' id='word_1_223' title='bbox 2694 3756 2759 3816; x_wconf 90' lang='lat' dir='ltr'><strong>et</strong></span> <span class='ocrx_word' id='word_1_224' title='bbox 2792 3748 3125 3813; x_wconf 90' lang='lat' dir='ltr'><strong>Thericlcs</strong></span> 
     </span>
     <span class='ocr_line' id='line_1_29' title="bbox 790 3857 3123 3941; baseline -0.001 -21"><span class='ocrx_word' id='word_1_225' title='bbox 790 3860 1039 3921; x_wconf 69' lang='lat' dir='ltr'><strong>nurnine</strong></span> <span class='ocrx_word' id='word_1_226' title='bbox 1116 3857 1353 3923; x_wconf 86' lang='lat' dir='ltr'><strong>calices</strong></span> <span class='ocrx_word' id='word_1_227' title='bbox 1423 3878 1459 3922; x_wconf 93' lang='lat' dir='ltr'><strong>e</strong></span> <span class='ocrx_word' id='word_1_228' title='bbox 1528 3858 1889 3923; x_wconf 89' lang='lat' dir='ltr'><strong>terebintho</strong></span> <span class='ocrx_word' id='word_1_229' title='bbox 1950 3859 2174 3924; x_wconf 91' lang='lat' dir='ltr'><strong>solitus</strong></span> <span class='ocrx_word' id='word_1_230' title='bbox 2228 3859 2444 3923; x_wconf 88' lang='lat' dir='ltr'><strong>facere</strong></span> <span class='ocrx_word' id='word_1_231' title='bbox 2520 3865 2735 3935; x_wconf 87' lang='lat' dir='ltr'><strong>torno;</strong></span> <span class='ocrx_word' id='word_1_232' title='bbox 2811 3874 3123 3941; x_wconf 87' lang='lat' dir='ltr'><strong>perquam</strong></span> 
     </span>
     <span class='ocr_line' id='line_1_30' title="bbox 790 3964 3123 4050; baseline -0 -22"><span class='ocrx_word' id='word_1_233' title='bbox 790 3964 1094 4048; x_wconf 70' lang='lat' dir='ltr'><strong>probatur</strong></span> <span class='ocrx_word' id='word_1_234' title='bbox 1153 3965 1541 4048; x_wconf 85' lang='lat' dir='ltr'><strong>materies¹)‘</strong></span> <span class='ocrx_word' id='word_1_235' title='bbox 1600 3971 1795 4047; x_wconf 91' lang='lat' dir='ltr'><strong>atque</strong></span> <span class='ocrx_word' id='word_1_236' title='bbox 1856 3965 2260 4050; x_wconf 90' lang='lat' dir='ltr'><strong>Athenaeus,</strong></span> <span class='ocrx_word' id='word_1_237' title='bbox 2321 3973 2591 4049; x_wconf 89' lang='lat' dir='ltr'><strong>uterque</strong></span> <span class='ocrx_word' id='word_1_238' title='bbox 2652 3964 2979 4049; x_wconf 87' lang='lat' dir='ltr'><strong>discrepat</strong></span> <span class='ocrx_word' id='word_1_239' title='bbox 3038 3964 3123 4027; x_wconf 93' lang='lat' dir='ltr'><strong>ab</strong></span> 
     </span>
     <span class='ocr_line' id='line_1_31' title="bbox 794 4071 3122 4157; baseline 0 -25"><span class='ocrx_word' id='word_1_240' title='bbox 794 4072 850 4136; x_wconf 73' lang='lat'><strong>11„</strong></span> <span class='ocrx_word' id='word_1_241' title='bbox 906 4072 985 4156; x_wconf 69' lang='lat' dir='ltr'><strong>[il.</strong></span> <span class='ocrx_word' id='word_1_242' title='bbox 1036 4071 1113 4155; x_wconf 90' lang='lat' dir='ltr'><strong>V,</strong></span> <span class='ocrx_word' id='word_1_243' title='bbox 1161 4072 1223 4156; x_wconf 87' lang='lat'><strong>3,</strong></span> <span class='ocrx_word' id='word_1_244' title='bbox 1271 4073 1345 4138; x_wconf 83' lang='lat'><strong>2:</strong></span> <span class='ocrx_word' id='word_1_245' title='bbox 1412 4071 1827 4150; x_wconf 85' lang='grc' dir='ltr'>τορνεύεσθαι</span> <span class='ocrx_word' id='word_1_246' title='bbox 1867 4076 1939 4137; x_wconf 80' lang='grc' dir='ltr'><strong>δὲ</strong></span> <span class='ocrx_word' id='word_1_247' title='bbox 1984 4079 2049 4140; x_wconf 88' lang='grc' dir='ltr'><strong>εξ</strong></span> <span class='ocrx_word' id='word_1_248' title='bbox 2099 4074 2293 4152; x_wconf 88' lang='grc' dir='ltr'>αὐτῆς</span> <span class='ocrx_word' id='word_1_249' title='bbox 2354 4072 2518 4157; x_wconf 90' lang='lat' dir='ltr'><strong>(scil.</strong></span> <span class='ocrx_word' id='word_1_250' title='bbox 2566 4074 2954 4154; x_wconf 81' lang='grc' dir='ltr'>τερεβίνθου)</span> <span class='ocrx_word' id='word_1_251' title='bbox 3022 4072 3122 4134; x_wconf 88' lang='grc' dir='ltr'><strong>καὶ</strong></span> 
     </span>
     <span class='ocr_line' id='line_1_32' title="bbox 790 4180 3121 4259; baseline 0 -19"><span class='ocrx_word' id='word_1_252' title='bbox 790 4180 1039 4255; x_wconf 66' lang='grc' dir='ltr'>κύλικας</span> <span class='ocrx_word' id='word_1_253' title='bbox 1072 4180 1480 4257; x_wconf 83' lang='grc' dir='ltr'>θηρικλείους,</span> <span class='ocrx_word' id='word_1_254' title='bbox 1510 4180 1678 4243; x_wconf 87' lang='grc' dir='ltr'>ὥστε</span> <span class='ocrx_word' id='word_1_255' title='bbox 1713 4181 1951 4257; x_wconf 83' lang='grc' dir='ltr'>μηδένα</span> <span class='ocrx_word' id='word_1_256' title='bbox 1978 4180 2056 4244; x_wconf 85' lang='grc' dir='ltr'><strong>ἂν</strong></span> <span class='ocrx_word' id='word_1_257' title='bbox 2089 4184 2432 4256; x_wconf 81' lang='grc' dir='ltr'>διαγνῶναι</span> <span class='ocrx_word' id='word_1_258' title='bbox 2466 4182 2629 4259; x_wconf 90' lang='grc' dir='ltr'>πρὸς</span> <span class='ocrx_word' id='word_1_259' title='bbox 2645 4180 2760 4257; x_wconf 87' lang='grc' dir='ltr'><strong>τάς</strong></span> <span class='ocrx_word' id='word_1_260' title='bbox 2794 4180 3121 4258; x_wconf 78' lang='grc' dir='ltr'>κεραμέας.</span> 
     </span>
     <span class='ocr_line' id='line_1_33' title="bbox 794 4282 3120 4369; baseline 0 -21"><span class='ocrx_word' id='word_1_261' title='bbox 794 4284 886 4348; x_wconf 63' lang='lat' dir='ltr'><strong>Ex</strong></span> <span class='ocrx_word' id='word_1_262' title='bbox 942 4282 1168 4348; x_wconf 79' lang='lat' dir='ltr'><strong>codem</strong></span> <span class='ocrx_word' id='word_1_263' title='bbox 1227 4292 1488 4350; x_wconf 88' lang='lat' dir='ltr'><strong>auctore</strong></span> <span class='ocrx_word' id='word_1_264' title='bbox 1550 4285 1909 4351; x_wconf 88' lang='lat' dir='ltr'><strong>derivanda</strong></span> <span class='ocrx_word' id='word_1_265' title='bbox 1969 4294 2066 4351; x_wconf 89' lang='lat' dir='ltr'><strong>cst</strong></span> <span class='ocrx_word' id='word_1_266' title='bbox 2114 4294 2177 4351; x_wconf 93' lang='lat' dir='ltr'><strong>et</strong></span> <span class='ocrx_word' id='word_1_267' title='bbox 2224 4286 2539 4351; x_wconf 87' lang='lat' dir='ltr'><strong>Athenaei</strong></span> <span class='ocrx_word' id='word_1_268' title='bbox 2601 4293 2665 4352; x_wconf 88' lang='lat' dir='ltr'><strong>et</strong></span> <span class='ocrx_word' id='word_1_269' title='bbox 2710 4285 2902 4350; x_wconf 90' lang='lat' dir='ltr'><strong>Plinii</strong></span> <span class='ocrx_word' id='word_1_270' title='bbox 2946 4293 3120 4369; x_wconf 90' lang='lat' dir='ltr'><strong>nota,</strong></span> 
     </span>
    </p>
   </div>
   <div class='ocr_carea' id='block_1_6' title="bbox 794 4423 1209 4431">
    <p class='ocr_par' dir='ltr' id='par_1_7' title="bbox 794 4423 1209 4431">
     <span class='ocr_line' id='line_1_34' title="bbox 794 4423 1209 4431; baseline 0 911"><span class='ocrx_word' id='word_1_271' title='bbox 794 4423 1209 4431; x_wconf 95' lang='lat' dir='ltr'><strong> </strong></span> 
     </span>
    </p>
   </div>
   <div class='ocr_carea' id='block_1_7' title="bbox 790 4483 3122 4626">
    <p class='ocr_par' dir='ltr' id='par_1_8' title="bbox 790 4483 3122 4626">
     <span class='ocr_line' id='line_1_35' title="bbox 1004 4483 3122 4554; baseline 0.001 -18"><span class='ocrx_word' id='word_1_272' title='bbox 1004 4484 1043 4548; x_wconf 81' lang='grc' dir='ltr'><strong>ι)</strong></span> <span class='ocrx_word' id='word_1_273' title='bbox 1084 4483 1163 4536; x_wconf 86' lang='lat' dir='ltr'><strong>ad</strong></span> <span class='ocrx_word' id='word_1_274' title='bbox 1202 4498 1328 4537; x_wconf 90' lang='lat' dir='ltr'><strong>rem</strong></span> <span class='ocrx_word' id='word_1_275' title='bbox 1365 4484 1559 4553; x_wconf 84' lang='lat' dir='ltr'><strong>ipsam</strong></span> <span class='ocrx_word' id='word_1_276' title='bbox 1585 4484 1734 4537; x_wconf 90' lang='lat' dir='ltr'><strong>nihil</strong></span> <span class='ocrx_word' id='word_1_277' title='bbox 1762 4487 1963 4551; x_wconf 78' lang='lat' dir='ltr'><strong>refert,</strong></span> <span class='ocrx_word' id='word_1_278' title='bbox 1991 4484 2153 4552; x_wconf 91' lang='lat' dir='ltr'><strong>quod</strong></span> <span class='ocrx_word' id='word_1_279' title='bbox 2179 4500 2363 4554; x_wconf 89' lang='lat' dir='ltr'><strong>supra</strong></span> <span class='ocrx_word' id='word_1_280' title='bbox 2389 4484 2651 4539; x_wconf 86' lang='lat' dir='ltr'><strong>diximus</strong></span> <span class='ocrx_word' id='word_1_281' title='bbox 2677 4483 2938 4538; x_wconf 90' lang='lat' dir='ltr'><strong>Plinium</strong></span> <span class='ocrx_word' id='word_1_282' title='bbox 2964 4485 3122 4538; x_wconf 88' lang='lat' dir='ltr'><strong>male</strong></span> 
     </span>
     <span class='ocr_line' id='line_1_36' title="bbox 790 4572 1631 4626; baseline 0.007 -6"><span class='ocrx_word' id='word_1_283' title='bbox 790 4572 1169 4624; x_wconf 67' lang='lat' dir='ltr'><strong>t··au=÷tulisse</strong></span> <span class='ocrx_word' id='word_1_284' title='bbox 1209 4573 1367 4625; x_wconf 89' lang='lat' dir='ltr'><strong>hanc</strong></span> <span class='ocrx_word' id='word_1_285' title='bbox 1403 4578 1631 4626; x_wconf 87' lang='lat' dir='ltr'><strong>notam.</strong></span> 
     </span>
    </p>
   </div>
   <div class='ocr_carea' id='block_1_8' title="bbox 3323 859 3327 1547">
    <p class='ocr_par' dir='ltr' id='par_1_9' title="bbox 3323 859 3327 1547">
     <span class='ocr_line' id='line_1_37' title="bbox 3323 859 3327 1547; baseline 0 0"><span class='ocrx_word' id='word_1_286' title='bbox 3323 859 3327 1547; x_wconf 95' lang='lat' dir='ltr'><strong> </strong></span> 
     </span>
    </p>
   </div>
  </div>
 </body>
</html>
