3409 5342
1670 475 2112 558 *48-

722 694 923 772 erant,
992 688 1129 773 apti
1191 688 1387 772 igitur
1432 689 1474 756 J
1478 689 1644 755 ubae
1705 690 1879 774 regis
1937 689 2082 754 libri
2145 689 2548 755 videbantur.
2642 689 2801 756 Cum
2849 683 3055 754 Theo-

722 793 1024 878 phrastus
1071 802 1285 860 autem
1333 797 1396 860 in
1445 795 1713 862 historia
1759 798 2123 881 plantarum
2170 817 2341 861 nova
2371 796 2511 881 ipse
2543 795 2671 861 iam
2705 795 3053 880 exhiberet,

721 922 848 966 non
896 922 1059 987 opus
1107 911 1247 968 erat
1293 903 1491 968 libros
1539 903 1740 988 adire,
1791 905 1900 985 qui
1946 902 2099 967 nihil
2147 902 2284 968 fere
2330 902 2606 988 amplius
2660 903 2802 988 ipso
2852 903 3054 968 Theo-

722 1010 987 1093 phrasto
1035 1009 1382 1077 habeba-nt.

935 1117 1010 1180 In
1076 1117 1421 1182 refutanda
1485 1117 1682 1201 igitur
1755 1117 2119 1202 Sprengelii
2189 1117 2508 1183 sententia
2577 1118 2659 1182 ab
2730 1117 3053 1182 Herodoto

721 1222 1005 1308 incipere
1069 1224 1278 1308 velim,
1343 1244 1467 1305 quo
1517 1246 1579 1309 p.
1630 1225 1714 1290 67
1763 1245 1858 1307 sq.
1909 1245 2068 1291 mus,
2118 1224 2295 1291 rhen.
2355 1225 2480 1290 vol.
2529 1224 2745 1289 XLVI
2791 1224 3053 1289 Plinium

723 1329 880 1394 dicit
925 1350 1110 1396 usum
1158 1351 1301 1397 esse
1348 1351 1465 1415 per
1509 1331 1767 1397 Jubam.
1819 1331 1878 1398 h.
1928 1352 1989 1396 n.
2040 1331 2189 1414 XII,
2243 1333 2319 1396 11
2373 1330 2454 1396 de
2507 1331 2730 1415 planta
2777 1330 3053 1413 quadam

722 1435 1075 1521 Gortynae,
1125 1456 1293 1519 quae
1342 1456 1687 1520 numquam
1733 1437 1891 1503 folia
1937 1437 2192 1522 amittit,
2241 1437 2536 1504 additur:
2586 1437 2950 1522 ‚statimque
2999 1436 3053 1502 ei

727 1544 1041 1611 Graeciae
1086 1545 1470 1611 fabulositas
1518 1546 1874 1631 superfuit‘,
1933 1565 2100 1628 quae
2155 1547 2357 1611 verba
2415 1552 2601 1631 putat
2647 1545 3055 1631 Sprengelius

726 1671 867 1718 esse
912 1652 1116 1736 ipsius
1164 1651 1373 1736 Plinii,
1422 1672 1612 1735 quem
1662 1652 1852 1719 dicit:
1921 1653 2136 1740 „Gern
2182 1653 2382 1734 giesst
2429 1673 2498 1717 er
2544 1673 2614 1718 so
2677 1653 2780 1717 die
2828 1652 3055 1718 Schale

725 1759 937 1824 seines
970 1759 1234 1844 Spot-tes
1282 1760 1441 1825 uber
1474 1760 1578 1825 die
1611 1759 2254 1843 Leichtglaubigkeit
2286 1760 2561 1825 anderer
2593 1762 2774 1825 aus.“
2797 1761 2845 1831 ¹)
2896 1760 3056 1824 Tota

723 1886 878 1932 vero
926 1866 1244 1932 sententia
1290 1874 1547 1952 sumpta
1594 1874 1697 1932 est
1745 1888 1782 1932 e
1828 1866 2156 1952 Theophr.
2195 1866 2258 1932 h.
2306 1868 2395 1952 pl.
2443 1867 2496 1951 I,
2542 1867 2604 1951 9,
2637 1869 2712 1932 5:
2753 1868 2822 1931 ἑν
2862 1866 3053 1949 Κρήτῃ

725 1977 797 2038 δὲ
829 1975 1070 2050 λέγεται
1118 1973 1439 2038 πλάτανον
1485 1995 1625 2039 τινα
1672 1970 1830 2038 εἶναι
1867 1976 1935 2039 ἑν
1965 1981 2038 2058 τῇ
2093 1974 2435 2061 Γορτυναζᾳ
2481 1976 2643 2052 πρὸς
2673 1981 2840 2057 πηγῇ
2873 1995 2988 2038 τινι
3020 1973 3053 2049 ἥ

725 2080 802 2143 οὐ
850 2084 1246 2160 φυλλοβολεῖ·
1298 2085 1821 2159 μυθολογοῦσι
1874 2084 1946 2145 δὲ
1976 2082 2068 2158 ὡς
2096 2081 2219 2144 ὑπὸ
2248 2082 2440 2165 ταύτῃ
2476 2082 2652 2159 ἐμίγη
2687 2087 2760 2163 τῇ
2793 2081 3054 2162 Εὐρώπῃ

725 2187 762 2249 ὁ
785 2186 966 2264 Ζεύς,
1001 2187 1424 2270 ,fabulositas‘
1456 2194 1552 2252 est
1580 2187 1904 2253 traductio
1928 2188 2108 2253 verbi
2144 2191 2594 2266 μυθολογοῦσι.
2643 2187 3057 2272 Sprengelius

726 2293 969 2358 confert
1006 2293 1069 2360 h.
1103 2315 1164 2360 n.
1198 2295 1350 2378 XII,
1401 2294 1485 2360 85
1534 2295 1854 2377 (fabulose
1900 2295 2185 2360 narravit
2231 2294 2582 2377 antiquitas
2636 2293 3059 2379 princepsque

724 2400 1118 2485 Herodotus)
1152 2407 1215 2465 et
1246 2408 1434 2485 putat
1472 2401 1873 2467 substantivo
1908 2401 2304 2486 ‚antiquitas‘
2347 2399 2673 2484 designari
2721 2401 3059 2484 scriptores

726 2527 934 2571 rerum
999 2507 1374 2591 Alexandri,
1442 2507 1552 2591 qui
1617 2509 1681 2572 in
1744 2507 2039 2590 sequenti
2104 2509 2522 2593 paragrapho
2587 2507 3057 2590 significantur:

726 2613 940 2678 obstat
1000 2633 1153 2680 vero
1216 2614 1539 2699 Theophr.
1590 2614 1650 2681 h.
1699 2614 1788 2700 pl.
1839 2614 1950 2698 IV,
1998 2616 2069 2699 4,
2122 2617 2194 2681 1:
2253 2615 2322 2679 ἐν
2367 2621 2455 2699 τῷ
2519 2614 2651 2693 ὄρει
2707 2621 2795 2698 τῷ
2861 2614 3059 2697 Μηρῷ

727 2723 1094 2804 καλουμένῳ
1129 2721 1280 2786 ὅθεν
1313 2725 1390 2801 δὴ
1425 2724 1526 2786 καὶ
1559 2723 1890 2787 Διόνυσον
1929 2717 2086 2786 εἶναι
2119 2725 2551 2800 μυθολογοῦσι
2585 2721 2961 2806 (notandum
3001 2728 3062 2785 et

728 2827 830 2891 1116
879 2832 1254 2905 μυθολογεῖν
1301 2829 1498 2894 1311116
1546 2828 1709 2894 verti
1767 2828 2080 2912 ,fabulose
2126 2833 2462 2913 narrare‘)‚
2510 2829 2710 2894 verba
2757 2827 3062 2912 ‚fabulose

725 2935 1014 2999 narravit
1046 2935 1416 3018 antiquitas‘
1448 2935 1604 2999 mihi
1637 2935 2162 3020 Theophrasteos
2207 2935 2405 3001 libros
2448 2935 2812 3018 significare
2850 2933 3062 2999 viden-

727 3049 849 3124 tur,
911 3040 967 3106 si
1014 3042 1274 3124 quidem
1321 3048 1385 3107 et
1430 3043 1701 3106 alteram
1741 3041 2172 3127 Theophrasti
2220 3043 2603 3107 sententiam
2651 3041 2734 3106 de
2782 3042 2956 3106 casia
3003 3047 3064 3104 et

729 3149 1128 3213 cinnamomo
1177 3149 1573 3214 adsumimus
1618 3149 1683 3213 h.
1731 3149 1818 3233 pl.
1868 3149 1992 3234 IX,
2042 3151 2113 3232 5,
2162 3151 2232 3214 2:
2283 3152 2578 3223 λέγεται
2639 3151 2718 3212 δὲ
2777 3170 2888 3226 τις
2945 3149 3059 3212 καὶ

730 3259 964 3332 μῦθος
1010 3256 1166 3334 ὑπὲρ
1214 3256 1426 3321 αὐτοῦ·
1477 3255 1756 3335 φύεσθαι
1807 3260 1919 3335 μὲν
1965 3260 2086 3335 γάρ
2135 3273 2340 3338 φασιν
2387 3257 2454 3321 ἑν
2502 3257 2817 3337 φάραγξιν
2859 3305 2872 3318 .
2923 3305 2936 3318 .
2986 3304 2999 3318 .
3051 3304 3063 3316 .

728 3361 1015 3443 sequitur
1064 3362 1412 3448 descriptio
1453 3362 1754 3446 regionis,
1804 3383 1997 3446 quam
2030 3370 2095 3428 et
2131 3363 2375 3428 Plinius
2407 3362 2622 3429 habet.
2696 3363 2933 3427 Iterum
2963 3361 3064 3425 hic

729 3487 849 3532 voe
883 3471 1084 3545 μῦθος
1114 3468 1412 3549 066111111,
1447 3488 1640 3551 quam
1670 3468 1869 3533 latine
1908 3475 2161 3544 vertunt
2193 3468 2476 3553 ‚fabula‘.
2525 3468 2885 3551 Diligenter
2915 3488 3064 3533 vero

734 3575 778 3636 ,41
834 3573 1083 3639 confers
1132 3574 1564 3659 Theophrasti
1628 3576 1828 3640 verba
1893 3595 2036 3640 cum
2084 3574 2395 3640 Herodoti
2443 3576 2574 3659 III,
2639 3576 2763 3641 107
2821 3574 3065 3639 videbis

734 3681 1249 3766 frlffinphrastum
1297 3702 1376 3747 ex
1424 3681 1755 3747 Herodoto
1806 3682 2303 3767 descriptionem
2350 3703 2532 3748 suam
2579 3682 2948 3767 sumpsisse,
2981 3681 3066 3747 ad

734 3810 920 3868 1111er
969 3809 1086 3854 nos
1124 3789 1364 3855 ducunt
1395 3790 1598 3855 verba
1630 3789 2064 3874 Theophrasti
2096 3794 2549 3868 μυθολογοῦσι.
2622 3789 2866 3855 Plinius
2897 3788 3066 3853 unde

738 3895 1028 3960 111111116111
1054 3895 1367 3961 Herodoti
1398 3896 1682 3961 auctoris
1715 3915 1964 3979 nomen,
1997 3896 2092 3961 ita
2129 3897 2334 3962 solum
2383 3895 2697 3981 explicari
2731 3902 2964 3980 potest,
3001 3902 3067 3959 ut

738 4004 933 4066 rurba
951 4002 1152 4086 ipsius
1173 4002 1488 4069 Herodoti
1504 4003 1955 4087 Theophrasto
1978 4009 2332 4068 commotus
2357 4002 2686 4087 evolverit,
2709 4021 2853 4067 cum
2876 4002 3069 4067 etiam

738 4108 1166 4193 'Theophrasti
1214 4129 1293 4174 ex
1342 4109 1670 4175 Herodoto
1721 4116 2098 4194 excerptum
2147 4108 2519 4193 diligentius
2566 4129 2648 4175 ex
2695 4109 2838 4194 ipso
2871 4109 3069 4174 Hero-

738 4216 886 4280 1111111
932 4217 1214 4283 verterit.
1307 4217 1408 4281 De
1440 4216 1735 4281 fabuloso
1768 4215 1966 4280 odore
2000 4216 2180 4303 (XII,
2214 4217 2299 4281 86
2332 4215 2679 4298 Magnique
2711 4216 3068 4280 Alexandri

952 4467 993 4536 1)
1033 4470 1105 4524 cf.
1146 4467 1393 4523 Miinzer
1432 4469 1529 4524 1.1.
1557 4486 1612 4540 p.
1642 4468 1726 4537 19,
1754 4468 1840 4536 20,
1879 4469 2036 4521 hanc
2073 4484 2197 4521 rem
2241 4472 2301 4521 et
2328 4468 2600 4522 Miinzeri
2639 4469 3080 4537 expositionem

742 4560 790 4608 111
809 4564 894 4608 fra
932 4558 1129 4610 fusius
1168 4557 1691 4627 pertractabimus,
