3409 5342
643 511 864 577 ἢ..25ψ

169 706 262 771 iuxta
290 712 452 791 ponantur
482 706 598 790 omnin,
631 724 715 787 quac
745 712 778 770 et
806 708 951 771 recensio
982 707 1103 773 codicis
1129 708 1175 773 U*
1204 714 1235 772 et
1266 707 1337 772 reli-

170 832 303 896 quorum
333 812 482 878 codicum
512 812 659 879 exhibet:
692 813 793 877 multa
827 813 912 878 enim
944 815 977 877 in
1009 814 1140 897 reliquis
1173 813 1338 880 codicibus

171 920 287 986 desunt
303 941 387 1003 quae
410 921 443 984 in
466 921 515 985 U*
540 927 669 986 exstant
691 928 724 984 et
747 927 869 1003 contra,
895 941 978 1004 quae
1002 921 1034 985 in
1057 921 1120 987 illis
1144 927 1283 1007 exstant,
1306 921 1339 985 in

170 1029 219 1093 U*
255 1028 380 1094 desunt.
438 1026 555 1092 Adhuc
588 1027 728 1092 editores
763 1033 887 1094 textum
921 1027 968 1094 sic
992 1029 1281 1112 conformaverunt,
1304 1036 1340 1093 ut

171 1142 307 1218 utraque
329 1134 525 1219 reciperent:

423 1330 471 1395 U*
960 1336 1036 1397 cett.
1061 1329 1157 1397 codd.

171 1459 208 1522 τὸ
240 1457 416 1521 δ’ἀκόνιτον
444 1457 562 1532 γίνεται
593 1459 649 1533 μὲν
678 1456 729 1519 καί
783 1453 1007 1518 τόδ’ἀκόνιτον
1021 1455 1137 1531 γίνεται
1151 1458 1207 1533 μὲν
1224 1457 1273 1519 καὶ
1287 1457 1340 1539 §4

172 1565 207 1628 έν
221 1565 321 1646 Κρήτῃ
339 1563 389 1626 καί
405 1563 440 1627 έν
452 1562 608 1646 Ζακύνθῳ
624 1565 729 1626 πλεῑσ·
784 1563 818 1625 ἐν
842 1562 943 1645 Κρήτῃ
974 1564 1024 1625 καὶ
1055 1563 1089 1626 έν
1118 1562 1273 1646 Ζακύνθῳ

172 1692 229 1736 τον
245 1674 345 1736 δὲκαὶ
364 1671 497 1750 ἄριστον
512 1670 546 1734 ἐν
561 1669 730 1752 Ἡρακλείᾳ
782 1673 933 1733 πλεῖστον
957 1672 993 1733 δὲ
1016 1671 1066 1732 καὶ
1084 1668 1216 1747 ἄριστον
1239 1669 1274 1732 έν

171 1785 209 1861 τῇ
234 1778 268 1842 ἐν
291 1777 417 1860 Πόντῳ.
783 1775 953 1859 Ἡρακλείᾳ
990 1782 1026 1859 τῇ
1075 1776 1110 1840 έν
1146 1775 1273 1859 Πόντῳ.

785 1884 846 1962 ἔχει
872 1887 908 1947 δὲ
923 1884 1046 1963 φύλλον
1061 1886 1118 1961 μὲν
1132 1887 1274 1962 κιχοριῶ·

688 2067 690 2071 Ι
786 1993 848 2067 όες,
880 1989 969 2068 ῥίζαν
1010 1992 1045 2054 δὲ
1083 1989 1198 2067 ὁμοίαν
1229 1996 1274 2072 τῷ

784 2099 919 2176 σχήματι
937 2099 1047 2181 καὶτῷ
1066 2097 1205 2176 χρώματι
1222 2118 1274 2160 κα-

786 2206 863 2282 ρίόι,
896 2207 953 2282 τήν
987 2207 1023 2268 δέ
1055 2205 1187 2282 δύναμιν
1218 2207 1275 2282 τήν

786 2310 1015 2390 θανατηφόρον
1045 2312 1079 2375 έν
1110 2312 1215 2394 ταύτῃ·
1238 2311 1274 2373 τό

787 2420 823 2481 δὲ
846 2418 969 2497 φύλλον
993 2418 1043 2480 καὶ
1066 2418 1122 2480 τόν
1154 2418 1277 2494 καρπόν

786 2524 883 2587 ούθέν
906 2539 989 2602 φασι
1013 2526 1122 2586 ποιεῖν.

174 2629 297 2707 καρπός
321 2631 356 2693 δέ
382 2630 449 2694 έσπ
471 2630 563 2708 πόας,
588 2635 646 2709 οὐχ
661 2632 733 2709 ύλή-
938 2616 944 2629 ’

175 2738 282 2814 ματος
314 2739 442 2815 βραχεῖα
472 2739 509 2798 δὲ
535 2737 554 2813 ἡ
587 2736 651 2799 πόα
682 2738 732 2799 καὶ

176 2845 273 2906 οὐδὲν
306 2843 425 2921 ἔχουσα
454 2841 615 2920 περιττόν,
653 2842 733 2905 ἀλλὰ
855 2838 858 2844 ’

175 2969 261 3027 παρο
272 2951 346 3027 μοία
355 2956 400 3032 τῷ
413 2951 502 3032 σίτῳ,
513 2951 549 3012 τό
561 2953 597 3013 δὲ
606 2951 733 3027 σπέρμα

175 3056 216 3119 οὐ
238 3056 428 3135 σταχυηρόν.
458 3057 572 3135 φύεται
597 3059 633 3119 δὲ
655 3075 732 3120 παν-

176 3165 275 3240 ταχοῦ
298 3165 349 3226 καί
373 3168 431 3226 οιίκ
455 3163 489 3227 ἐν
504 3166 574 3240 ταῖς
595 3161 734 3240 Ἀκόναις
823 3250 824 3253 ¹

177 3269 277 3347 μόνον
314 3268 420 3348 ἀφ’ών
458 3270 520 3348 ἔχει
552 3272 609 3348 τὴν
639 3289 734 3348 προς-
853 3312 856 3313 ⁷

176 3376 320 3453 ηγορίαν.
344 3374 421 3454 αύτη
447 3378 483 3440 όέ
499 3377 565 3440 έστι
585 3378 672 3455 κώμη
689 3397 736 3454 τις

175 3487 242 3547 τών
283 3482 526 3561 Μαριανδυνῶν·
572 3487 658 3562 φιλεῖ
700 3487 736 3548 δὲ

177 3590 315 3669 μάλιστα
326 3592 402 3668 τοὺς
420 3592 592 3668 πετρώδεις
610 3590 735 3668 τόπους

177 3698 217 3762 οὐ
249 3698 373 3775 νέμεται
405 3702 441 3763 δὲ
469 3699 542 3762 οὔτε
574 3700 736 3778 πρόβατον

177 3806 252 3870 οὔτε
275 3804 352 3869 όλλο
377 3810 461 3871 ζῶον
483 3806 588 3869 οὐδέν.
791 3803 996 3867 συντίθεσθαι
1020 3803 1057 3862 δὲ
1074 3798 1193 3877 τρόπον
1209 3797 1278 3860 τινὰ
1295 3797 1347 3879 §5

789 3911 872 3988 πρὸς
883 3910 919 3971 τὸ
935 3907 1160 3984 ἐνεργάζεσθαι
1176 3906 1227 3968 καὶ
1242 3904 1281 3967 ού
1301 3961 1307 3972 .

789 4018 909 4093 παντὸς
932 4010 1018 4078 εἶναι’
1043 4011 1111 4075 όίὸ
1134 4012 1184 4075 καὶ
1207 4012 1282 4087 τοὺς

792 4123 921 4201 ἰατροὺς
958 4126 1015 4184 ούκ
1053 4119 1283 4196 ἐπισταμένους

412 4237 474 4282 om.
790 4229 971 4294 συντιθέναι
991 4233 1133 4311 σηπτικῷ
1156 4247 1190 4290 τε
1210 4230 1283 4304 χρῆ-

791 4342 868 4401 σθαι
900 4336 950 4398 καὶ
980 4336 1062 4413 πρὸς
1092 4333 1172 4398 ἄλλα
1197 4331 1282 4397 ἄττα

791 4444 962 4521 πινόμενον
979 4440 1160 4520 όόύόεμίαν
1172 4438 1283 4519 αἴσθη-

792 4568 845 4615 σιν
868 4553 969 4615 ποιεῖν
993 4548 1057 4615 οὔτ’
1073 4550 1109 4615 ἐν
1128 4547 1206 4634 οἴνῳ
1218 4545 1283 4612 οὔτ’
