3409 5342
681 461 881 538 ,-.-⁷-

193 655 224 718 in
248 654 395 719 manibus
410 654 573 739 habuisse,
599 654 749 736 quoniam
766 655 825 720 sub
840 653 967 719 nomine
984 653 1202 739 Theophrasti
1225 654 1364 737 auctoris

193 761 369 826 sententias
392 761 517 845 afferat,
551 782 634 844 quae
667 761 699 825 in
732 768 840 827 nostro
876 781 939 825 non
972 766 1100 826 exstant
1107 812 1114 846 ,
1146 761 1269 827 Plinius
1293 781 1365 826 cum

193 867 251 933 has
267 867 343 932 item
360 868 520 952 exhibeat,
546 867 654 932 adhuc
668 868 746 933 nibil
764 869 873 934 obstat
889 869 965 950 quin
989 867 1103 933 eodem
1119 867 1364 952 Theophrasteo

193 975 371 1059 exemplari
395 975 462 1040 sive
486 975 557 1060 ipso
582 975 650 1040 sive
674 995 732 1060 per
762 975 860 1040 alium
896 974 1057 1058 quendam
1092 981 1256 1043 auctorem
1292 995 1364 1045 eum
1439 976 1443 985 “

192 1102 284 1147 usum
307 1101 379 1148 esse
404 1083 647 1148 contendamus.

298 1188 426 1254 Paucis·
439 1188 511 1254 aliis
535 1188 691 1274 exemplis
722 1188 784 1252 hoc
815 1188 918 1254 fusius
948 1209 1109 1274 exponere
1142 1189 1249 1273 liceat,
1280 1209 1364 1273 quae

193 1294 234 1359 ab
258 1294 322 1360 illis
345 1295 392 1360 ita
409 1294 570 1378 differunt,
594 1295 675 1360 utin
694 1302 802 1360 nostro
820 1295 967 1377 quamvis
984 1302 1110 1362 exstent
1127 1296 1362 1383 Theophrasto,

192 1407 300 1465 tamen
330 1401 403 1485 ipsa
433 1400 592 1467 Athenaei
626 1409 658 1467 et
690 1400 785 1465 Plinii
815 1402 915 1466 verba
945 1402 1082 1467 eandem
1112 1402 1363 1487 discrepantiam

193 1507 377 1592 exhibeant,
414 1530 441 1575 e.
473 1530 505 1591 g.
541 1509 581 1572 de
613 1508 775 1587 thericleis
811 1509 968 1574 calicibus
1001 1529 1019 1574 e
1053 1509 1232 1575 terebintho
1267 1509 1363 1576 factis

192 1615 294 1679 verba
329 1615 407 1681 facit
443 1616 687 1701 Theophrastus
722 1616 753 1681 h.
787 1616 830 1700 pl.
857 1616 894 1701 V,
920 1618 950 1700 3,
975 1619 1006 1701 2,
1031 1617 1217 1682 Athenaeus
1249 1617 1297 1682 XI
1329 1639 1361 1702 p.

191 1722 259 1787 470
283 1722 305 1804 f,
330 1722 452 1788 Plinius
477 1723 506 1789 h.
532 1745 561 1787 n.
585 1724 674 1807 XVI,
699 1724 781 1789 205:

301 1832 448 1902 Theophr.
742 1830 811 1886 Ath.
1136 1830 1213 1887 Plin.

243 1939 434 2004 Τορνεὺεσθαι
463 1939 563 1993 δὲκαὶ
644 1940 835 2004 Τορνεὺεσθαι
874 1940 905 1991 δέ
937 1939 963 1992 ἐξ
1044 1938 1215 1992 celebratur
1238 1942 1269 1994 et
1287 1937 1362 1993 The·

191 2029 218 2081 ἐξ
232 2029 322 2094 αὐτῆς
335 2026 379 2080 καὶ
393 2030 502 2092 κύλικας
514 2033 562 2095 θη·
591 2029 680 2094 αὐτῆς
698 2027 742 2080 καὶ
758 2030 868 2091 κύλικας
886 2032 963 2094 θηρι-
975 2066 977 2138 ,
991 2026 1078 2079 ricles
1104 2027 1225 2080 nomine
1251 2027 1361 2080 calices

190 2116 339 2182 ρικλείους,
362 2118 436 2169 ὥστε
456 2118 563 2183 μηδένα
591 2116 713 2180 κλείους,
752 2119 827 2169 ὥστε
856 2116 1030 2195 nohenneis
1056 2115 1225 2169 terebintho
1255 2116 1360 2171 solitus

190 2209 225 2260 ἂν
245 2207 396 2270 διαγνῶναι
422 2207 494 2270 πρὸς
513 2207 563 2270 τὰς
592 2209 625 2259 ἂν
646 2208 797 2270 διαγνῶναι
822 2206 895 2270 πρὸς
913 2205 963 2270 τὰς
975 2200 977 2253 l
991 2206 1091 2258 facere
1102 2207 1198 2272 tornc,
1215 2220 1361 2275 perquam

189 2295 332 2359 κεραμέας.
591 2295 735 2360 κεραμέας.
974 2264 977 2360 l
990 2294 1137 2363 probatur
1156 2294 1306 2346 materies.

278 2399 427 2463 Pliniana
452 2399 536 2463 enirn
559 2399 718 2464 sententia
742 2400 783 2463 ab
799 2399 871 2483 ipso
888 2398 1113 2483 Theophrasto
1134 2398 1180 2462 ita
1197 2397 1360 2482 discrepat

188 2511 234 2589 (et
257 2515 292 2572 ut
322 2506 449 2572 videtur
480 2508 577 2572 etiam
608 2507 649 2571 ab
673 2507 865 2591 Athenaeo),
896 2513 931 2570 ut
954 2505 1077 2570 Plinius
1107 2526 1165 2590 pro
1196 2505 1358 2570 adiectivo

188 2614 385 2692 θηρικλείους
408 2633 522 2676 nornen
546 2613 688 2697 posuerit
711 2612 768 2676 viri
794 2610 963 2677 cuiusdam
991 2611 1160 2697 Thericlis,
1186 2631 1281 2694 quern
1301 2611 1360 2677 hos

187 2719 304 2784 fecisse
329 2719 416 2785 dicit.
464 2719 585 2801 Renjes
609 2720 629 2786 l.
654 2721 674 2786 l.
700 2741 758 2786 suo
787 2720 855 2784 iure
886 2718 928 2784 ad
952 2718 1048 2784 Plinii
1079 2720 1179 2784 verba
1209 2720 1359 2787 adnotat:

190 2825 310 2912 ,mirus
334 2825 386 2890 hie
411 2847 500 2890 error
513 2826 718 2892 adnotandus
735 2826 840 2893 Plinii.
876 2827 993 2910 Exeo,
1011 2826 1098 2909 quod
1115 2826 1359 2911 Theophrastus

188 2932 288 2998 tradit
331 2953 348 2997 e
391 2935 477 3017 ligno
517 2934 769 2999 terebinthorum
806 2934 876 2998 fieri
909 2935 1026 2998 calices
1061 2932 1259 3018 Thericleas,
1302 2933 1359 2998 hos
1462 3006 1463 3009 ς

187 3040 277 3124 ipsos
305 3041 409 3106 factos
440 3061 511 3106 esse
545 3041 738 3105 aTheriele
761 3041 884 3106 Plinius
918 3040 1090 3123 concludit,
1123 3040 1209 3122 quod
1241 3040 1358 3106 falsum

188 3148 268 3213 est.“
327 3148 480 3212 Fortasse
516 3168 583 3212 rem
615 3141 780 3233 paululum
816 3148 909 3212 aliter
944 3168 979 3212 se
1013 3146 1133 3211 habere
1166 3147 1359 3211 contendere

185 3255 294 3337 liceat,
319 3254 468 3336 quoniam
494 3274 543 3339 ea,
569 3274 653 3336 quae
677 3254 769 3319 addit
798 3254 1000 3320 Athenaeus:
1039 3254 1294 3343 ,κατασκευάσαι
1324 3257 1359 3317 δὲ

186 3363 310 3436 λέγεται
334 3364 390 3439 τήν
414 3363 522 3425 κύλικα
546 3363 662 3439 ταύτην
691 3361 848 3439 Θηρικλῆς
878 3361 896 3424 ὁ
931 3361 1095 3439 Κορίνθιος
1122 3361 1306 3439 κεραμεύςα,
1339 3381 1359 3424 a

189 3467 350 3532 communi
367 3474 399 3532 et
415 3467 574 3533 Athenaei
591 3475 623 3532 et
637 3467 732 3532 Plinii
748 3475 880 3533 auctore
900 3468 1076 3532 sententiae
1093 3466 1358 3551 Theophrasteae

187 3574 320 3639 adiecta
344 3595 415 3640 esse
440 3575 602 3659 videntur,
633 3575 695 3639 hoc
718 3595 794 3640 vero
827 3582 949 3639 rectum
974 3573 1112 3639 Plinium
1141 3575 1225 3639 male
1255 3578 1358 3639 trans.

187 3682 299 3747 tulisse
318 3682 360 3746 ad
378 3682 498 3746 calices
516 3681 769 3748 therebinthinos
788 3681 1040 3764 adnotationem,
1058 3702 1121 3763 qua
1134 3681 1357 3766 explicabatur

186 3792 244 3852 cur
278 3788 397 3853 calices
429 3788 543 3854 fictiles
577 3796 732 3853 vocentur
766 3788 921 3873 thericlei,
957 3788 1107 3870 quoniam
1141 3789 1200 3858 hos
1235 3789 1356 3874 primus

186 3895 353 3961 Thericles
377 3895 509 3978 quidam
532 3895 750 3961 fabricaverit.
925 3977 926 3981 Ἰ

292 4004 330 4066 In
359 4003 443 4067 caeti
475 4001 691 4086 descriptione
721 4010 786 4068 tres
816 4002 1016 4068 consentiunt
1049 4002 1291 4089 Theophrastus
1323 4006 1355 4071 h.

184 4109 230 4194 pl.
255 4109 311 4193 VI,
335 4111 367 4194 4,
394 4110 445 4194 10,
462 4108 648 4174 Athenaeus
665 4110 746 4194 Hp.
766 4111 817 4195 70,
842 4110 938 4194 d-e,
955 4109 1077 4175 Plinius
1100 4110 1131 4178 h.
1146 4132 1177 4177 ιι.
1194 4110 1286 4196 XXI,
1301 4112 1355 4196 97,

184 4215 244 4281 sed
267 4215 301 4280 in
324 4215 387 4280 line
410 4216 505 4280 lectio
530 4216 709 4301 discrepat:

295 4341 444 4413 uneopnr.
570 4323 573 4410 l
734 4342 804 4398 Aru.
1131 4343 1208 4399 Prin.

184 4433 303 4483 καλοῦσι
323 4432 355 4485 δέ
374 4432 446 4487 αὐτὸ
473 4445 556 4485 σκα-
586 4434 703 4485 καλοῦσι
723 4431 819 4485 δἀὐτὸ
846 4432 955 4485 ἀσκοὶ·
983 4437 1096 4487 vocant
1114 4434 1307 4493 ascaliari

183 4519 266 4577 λίαν
585 4522 701 4586 ληρον
