3409 5342
665 441 883 525 -lt..

187 655 250 721 δ’έν
274 654 394 740 οἴνῷῆ
429 654 499 721 ὄξει·
530 657 679 732 τέμνουσι
709 659 744 720 δὲ
803 655 835 719 in
848 675 939 722 asses
948 662 984 720 ut
994 655 1146 742 cucumis,
1157 655 1358 742 primumque

136 846 140 853 ἱ
185 766 373 842 τροχίσκους
411 763 522 840 ὥσπερ
564 761 744 841 ῥαφανίδος
802 782 899 848 super
907 770 1047 828 mustum
1055 763 1274 850 suspenditur,
1282 784 1359 831 mox

186 872 236 933 καὶ
253 871 429 949 ένείραντες
447 869 538 948 ὑπὲρ
562 869 743 946 γλεύκους
801 869 834 934 in
864 869 964 955 fumo,
998 869 1074 936 dein
1104 870 1219 938 teritur
1242 891 1261 936 e
1284 873 1358 946 virro

187 978 403 1056 ἐκρέμασαν
427 977 485 1040 ἐπι
509 983 648 1061 καπνῷ.
801 983 859 1041 aut
882 983 986 1044 aceto.

291 1143 348 1202 τοῦ
371 1139 432 1217 γὰρ
457 1137 682 1216 μανδραγόρου
716 1155 797 1202 unus
828 1137 878 1202 U*
903 1137 1045 1222 exhibet,
1077 1138 1196 1222 reliqui
1230 1138 1358 1205 codices

187 1244 346 1311 omittunt.
382 1244 597 1309 Schneiderus
620 1244 653 1309 in
677 1244 818 1309 editione
841 1265 905 1308 non
928 1244 990 1309 nisi
1007 1244 1195 1309 coniectura
1211 1264 1253 1310 ex
1268 1245 1359 1330 plan-

186 1357 290 1415 tarum
315 1350 555 1416 enumeratione
579 1370 662 1433 quae
686 1349 865 1435 praecedit,
898 1371 1026 1416 sensnm
1052 1351 1224 1416 restituere
1253 1351 1360 1437 potuit

186 1464 219 1522 et
242 1458 420 1523 secundum
443 1465 568 1523 ceteros
593 1457 688 1524 codd.
713 1457 843 1543 scripsit
867 1459 984 1536 ἑτέρων
1008 1459 1209 1538 berceolum
1233 1461 1284 1523 καὶ
1301 1463 1358 1522 τοῦ

187 1567 421 1644 μανδραγόρου,
445 1567 482 1629 τὸ
507 1569 562 1642 μέν
586 1566 709 1645 φύλλον
736 1568 893 1643 χρήσιμον
925 1560 1012 1629 εἶναι.
1065 1565 1295 1631 Adnotandum
1327 1571 1359 1630 et

185 1673 238 1736 M*
261 1672 347 1738 idem
372 1672 524 1738 exhibere
547 1679 645 1755 atque
671 1673 729 1756 U*,
761 1673 848 1754 quod
880 1673 963 1737 enim
995 1671 1108 1738 scribit
1140 1676 1197 1736 τοῦ
1234 1675 1371 1752 φύλλον,

186 1786 325 1864 apparet
363 1779 491 1846 scribae
534 1799 641 1844 errore
681 1780 906 1858 μανδραγόρου
949 1778 1121 1871 excidisse.
1179 1779 1215 1844 In
1254 1772 1359 1846 altera

186 1887 334 1952 codicum
374 1886 594 1971 discrepantia
632 1886 732 1951 oritur
771 1885 945 1952 difficultas
983 1885 1072 1950 haurd
1114 1907 1234 1971 parva:
1280 1887 1359 1967 ὑπὲρ

186 1995 339 2072 γλεύκους
352 1996 531 2073 ἐκρέμασαν
556 1995 605 2058 ἐπὶ
628 2001 737 2077 καπνῷ
761 1993 882 2058 habent
905 1992 954 2058 U*
974 1993 1037 2079 M*,
1060 1992 1198 2076 Ulegit:
1224 1995 1359 2072 ἐμπεί-

188 2121 332 2178 ραντες
365 2105 409 2165 δὲ
436 2102 533 2179 ὑπὲρ
564 2102 760 2177 γλεύκους
795 2101 1031 2178 ἐκρέμασαν
1062 2100 1162 2179 ὑπὲρ
1193 2105 1360 2188 καπνοῦ,

186 2207 219 2270 Μ
242 2207 357 2273 mediis
381 2207 507 2274 omissis
532 2208 630 2274 habet
654 2209 923 2286 ἐμπείραντες
947 2209 1044 2287 ὑπὲρ
1077 2210 1242 2272 καπνοῦ.
1288 2207 1359 2272 Hoc

187 2312 344 2400 imprimis
367 2314 578 2399 'premendum
601 2314 740 2380 Plinium
763 2314 850 2379 idem
880 2314 1000 2397 legisse
1030 2313 1063 2378 in
1092 2334 1151 2380 suo
1182 2314 1360 2401 exemplari

187 2429 284 2504 atque
308 2422 356 2488 U*
381 2422 443 2489 Μ*.
491 2422 615 2487 Tamen
638 2422 810 2488 obscurum
840 2429 959 2506 manet,
992 2420 1068 2503 quid
1099 2420 1226 2487 omnino
1254 2421 1359 2487 Theo-

185 2529 340 2615 phrastea
364 2530 465 2595 verba
489 2528 686 2613 significent:
711 2531 887 2608 ἐνείραντες
911 2527 1164 2608 ῦπὲργλεύκους
1188 2530 1359 2609 ἐκρέμασιν

187 2639 235 2701 ἐπὶ
260 2645 369 2721 καπνῷ
395 2644 427 2702 et
450 2636 546 2702 Plinii
570 2657 677 2722 ,super
701 2646 839 2703 mustum
864 2623 1082 2722 suspenditur,
1106 2658 1181 2702 mox
1201 2637 1234 2701 in
1250 2637 1358 2711 fumo‘,

187 2745 409 2811 Wellmannns
432 2765 534 2830 nuper
558 2745 639 2810 haee
661 2745 707 2810 ita
730 2745 873 2830 explicat
886 2744 925 2829 ¹):
952 2744 1022 2825 ‚Die
1044 2744 1173 2810 Wurzel
1197 2744 1360 2830 empfiehlt

188 2871 224 2916 er
247 2851 279 2915 in
302 2852 403 2917 runde
422 2852 581 2918 Scheiben
604 2872 643 2916 nu
666 2851 841 2918 schneider
865 2852 931 2917 und
955 2872 998 2916 an
1017 2852 1120 2917 einem
1135 2852 1249 2916 Faden
1266 2852 1358 2942 (sict)

188 2958 370 3042 aufgcreiht
402 2959 445 3023 im
478 2958 673 3044 Rauehfang
705 2958 998 3024 autzubewabren‘.
1053 2958 1119 3025 Sed
1150 2958 1204 3023 ubi
1241 2958 1359 3024 nostris

187 3066 441 3151 Theophrasteis
465 3067 573 3132 verbis
596 3067 668 3133 filus
693 3066 909 3152 exprimitur?
939 3065 1077 3131 Codices
1110 3066 1164 3148 qui
1194 3086 1253 3152 pro
1283 3067 1359 3131 ἐνεύ-

188 3195 299 3253 ραντες
322 3181 498 3259 posuerunt
522 3176 724 3254 ἐμπεῐραννες
748 3173 934 3239 coniectura
963 3174 1028 3239 iam
1059 3174 1211 3239 mendum
1244 3193 1358 3239 sanare

186 3281 390 3366 studuerunt,
415 3282 501 3346 idem
525 3282 566 3347 de
590 3282 707 3348 omisso
731 3283 810 3361 ὑπὲρ
833 3283 985 3359 γλεύκους
1001 3280 1123 3347 codicis
1135 3281 1172 3346 lli
1188 3281 1358 3346 dicendum

186 3395 244 3472 est,
270 3408 342 3452 curn
367 3388 506 3453 difficilis
530 3409 582 3454 res
604 3388 678 3473 ipsa
710 3389 890 3474 explicetur
919 3389 998 3467 ῦπὲρ
1028 3390 1180 3466 γλεύκους
1208 3394 1279 3455 tum
1309 3389 1358 3452 ἐπὶ

186 3496 239 3560 vel
261 3499 340 3574 ὑπὲρ
365 3501 486 3560 καπνοῦ
508 3496 601 3561 iuxta
624 3496 748 3582 positis.
799 3496 974 3579 Antiquam
1005 3495 1223 3582 corruptelam
1252 3494 1359 3561 verbis

184 3602 511 3667 ὙΠΕΡΓΛΕΥΚΟΥ(
545 3602 651 3669 inesse
684 3603 867 3688 suspicatur
903 3623 960 3669 suo
994 3601 1063 3667 iure
1095 3602 1157 3669 Ed.
1181 3602 1358 3687 Schwartz,

188 3711 243 3792 qui
265 3709 311 3774 ita
330 3710 431 3775 verba
447 3709 620 3775 emendare
636 3710 735 3793 iubet,
751 3717 786 3775 ut
802 3731 860 3796 pro
876 3708 985 3775 ΥΠΕΡ
999 3709 1202 3774 ΓΛΕΥΚΟΥ(
1219 3708 1358 3775 scribere

187 3817 402 3902 proposuerit,
427 3818 506 3883 satis
530 3817 697 3903 probabile
722 3817 1021 3882 etcosenlcuor(
1041 3847 1078 3876 =
1098 3817 1143 3894 εἰς
1164 3816 1358 3896 ὀβελίσκους.

188 3923 380 4009 Corruptela
402 3945 478 3990 vero
502 3924 567 3989 iam
600 3924 632 3988 in
667 3924 846 4009 exemplari
880 3924 1125 4009 Tbeophrasteo
1159 3931 1238 4009 erat,
1272 3924 1359 4006 quod

188 4030 311 4097 Plinius
334 4032 378 4096 ad
401 4053 513 4099 manus
537 4032 690 4099 habebat.

295 4141 344 4205 De
376 4141 548 4225 generibus
582 4139 737 4206 hellebori
771 4140 883 4207 scribit
916 4139 1160 4225 Theophrastus
1192 4158 1220 4206 c.
1254 4139 1296 4224 X,
1327 4141 1358 4225 1,

188 4247 310 4313 Plinius
333 4247 364 4314 h.
389 4269 419 4315 n.
444 4248 549 4334 XXV,
573 4249 631 4314 48:

297 4445 317 4513 ²)
338 4450 374 4500 ef.
402 4446 574 4502 Wellmann
603 4446 667 4516 ‚das
695 4448 804 4502 tlteste
823 4446 1037 4502 Krduterbueh
1061 4446 1117 4500 der
1142 4444 1299 4501 Grlechen‘
1326 4446 1360 4499 in

188 4536 264 4591 libro
284 4537 336 4603 qui
356 4536 545 4591 inscribitur:
564 4535 717 4607 Postgabe
735 4537 786 4591 iiir
804 4535 836 4590 F.
857 4534 1006 4591 Susemibl
1025 4552 1053 4605 p.
1074 4533 1115 4588 13.
