3409 5342
1356 449 1798 510 -21-

404 643 698 709 sananda
746 650 843 709 est
892 663 925 707 e
975 643 1163 708 Plinii
1214 643 1460 708 verbis:
1510 647 1792 724 καθαίρει
1844 650 1914 709 δὲ
1961 648 2213 725 φλέγμα
2262 648 2430 711 κάτω
2483 648 2742 727 <ἦττον,

406 753 572 831 φασὶ
622 754 692 815 δὲ
740 753 840 815 καὶ
889 752 965 813 τὰ
1012 746 1264 832 φύλλα)
1328 752 1438 814 ἐὰν
1487 755 1558 815 δὲ
1604 754 1676 816 τὸ
1725 752 1963 829 κάρυον
2032 755 2186 816 αὐτὸ
2258 757 2485 817 διδῶσι
2527 803 2540 817 .
2583 803 2594 817 .
2631 803 2644 816 .
2680 803 2742 817 ..

405 858 576 922 Sane
673 857 928 922 dixerat
1019 856 1506 941 Theophrastus
1598 858 1902 942 myrtiten
1994 858 2441 942 tethymallum
2535 859 2744 924 minus

405 966 809 1030 vomitorium
840 985 984 1030 esse
1016 985 1215 1050 supra
1248 965 1355 1029 illo
1389 965 1737 1049 descripto,
1809 965 1937 1037 Cur
1970 966 2177 1031 eiecta
2205 966 2287 1032 sit
2317 988 2357 1030 a
2386 973 2744 1032 correctore

405 1073 687 1156 quodam
735 1071 897 1137 haec
944 1072 1262 1138 sententia
1308 1072 1583 1138 fortasse
1630 1073 1897 1158 colliges
1945 1094 2026 1137 ex
2070 1073 2250 1138 initio
2293 1073 2743 1158 descriptionis

404 1187 443 1264 ἓ
479 1181 672 1265 8-9,
722 1179 831 1244 ubi
862 1179 1027 1244 falso·
1062 1180 1519 1245 coniunxerat:
1570 1182 1853 1260 καθαίρει
1904 1185 1974 1245 δὲ
2012 1181 2179 1245 κάτω
2230 1185 2467 1259 μᾶλλον
2515 1182 2551 1245 6
2601 1203 2748 1260 μυρ-

405 1289 577 1365 τίτης
648 1288 1036 1364 καλούμενος
1098 1287 1529 1375 ιτιθύμαλλος,
1600 1307 1767 1369 quae
1850 1307 2005 1354 sane
2076 1307 2156 1352 ea
2234 1287 2747 1375 interpunctione

407 1395 623 1480 posita
670 1394 1026 1463 sententiae
1075 1394 1322 1458 eiectae
1370 1395 1844 1479 repugnabant.

620 1501 909 1567 Accedat
955 1501 1320 1586 exemplum
1370 1501 1663 1583 alterum,
1714 1502 1780 1566 in
1828 1523 1954 1585 quo
1990 1502 2262 1569 Plinium
2310 1505 2746 1569 recensionem

406 1609 653 1674 codicis
700 1609 793 1674 U*
841 1610 1023 1690 sequi
1072 1608 1385 1692 videmus,
1436 1629 1511 1672 eo
1559 1609 1843 1694 gravius,
1895 1610 2067 1692 quod
2138 1618 2406 1693 uterque
2474 1611 2746 1678 eandem

403 1717 693 1782 lectionis
742 1717 1173 1801 corruptelam
1223 1715 1517 1783 exhibet:

651 1824 711 1889 h.
760 1825 848 1909 pl.
898 1825 1015 1907 IX,
1071 1826 1171 1908 13,
1221 1825 1261 1888 2
1569 1806 1575 1901 l
1901 1806 1961 1872 h·
2012 1827 2071 1872 1¹·
2121 1807 2330 1913 XXV,
2381 1807 2465 1872 82

400 1935 657 2007 γλυκεῖα
707 1935 778 1995 δὲ
824 1934 922 1995 καὶ
971 1933 1007 2010 ἡ
1059 1933 1320 2009 σκυθική
1354 1981 1367 1994 .
1404 1981 1417 1994 .
1455 1981 1515 1994 ..
1627 1950 1794 2012 quae
1858 1930 2163 2015 Scythice
2233 1937 2504 1996 vocatur
2572 1931 2746 1996 circa

403 2040 641 2115 γίνεται
711 2043 781 2102 δὲ
838 2041 979 2117 περὶ
1040 2041 1154 2117 τήν
1216 2038 1516 2102 Μαιῶτιν·
1627 2037 1931 2102 Maeotim
1995 2058 2269 2104 nascens
2325 2038 2745 2123 praedulcem

401 2147 676 2224 χρησίμη
730 2149 801 2209 δὲ
837 2146 1000 2224 πρός
1054 2166 1119 2208 τε
1180 2146 1265 2209 τὰ
1326 2147 1518 2207 σπά-
1627 2143 1790 2209 alias
1875 2144 2408 2226 utilissimamque
2500 2144 2586 2210 ad
2666 2165 2747 2209 ea

402 2269 655 2330 σματα
717 2254 816 2315 καὶ
880 2253 1040 2329 πρὸς
1103 2255 1260 2329 βῆχα
1322 2251 1518 2328 ξηρὰν
1631 2271 1798 2333 quae
1848 2259 2266 2336 spasmata
2312 2257 2564 2318 vocant.

402 2360 504 2421 καὶ
553 2357 721 2435 ὅλως
752 2360 901 2434 τοὺς
938 2358 1078 2434 περὶ
1110 2358 1222 2420 τὸν
1258 2357 1518 2434 θώρακα

398 2466 662 2541 πόνους.

617 2572 968 2648 σπάσματα
1013 2590 1178 2636 unus
1232 2570 1331 2635 U*
1378 2570 1651 2655 praebet
1709 2576 1932 2634 contra
1992 2575 2350 2634 ceterorum
2415 2567 2738 2647 ἄσθματαῑ

400 2685 735 2763 spasmata
766 2677 1007 2742 habent
1040 2696 1259 2742 omnes
1292 2677 1551 2742 codices
1584 2675 1862 2740 Pliniani
1900 2696 2044 2741 cum
2069 2675 2356 2759 parvulis
2389 2673 2741 2739 scribarum

399 2785 722 2849 erroribus
789 2789 1144 2867 (sparmata
1203 2784 1279 2848 Τ.
1329 2790 1487 2847 -tam
1553 2782 1717 2848 VRd
1780 2789 2110 2868 spartama
2189 2781 2264 2846 E.
2315 2779 2585 2845 -taniam
2653 2788 2741 2864 τῇ)

400 2891 725 2956 asthmata
797 2890 1165 2954 coniectura
1233 2891 1504 2974 primum
1562 2889 1920 2954 Salmasius
1987 2894 2245 2953 secutus
2309 2886 2741 2970 Theophrasti

400 3005 551 3064 cett.
602 2996 790 3063 codd.
840 2996 1139 3062 restituit.
1233 2997 1526 3081 Apparet
1584 2988 1859 3060 Plinium
1923 2996 2131 3080 ipsum
2197 2994 2434 3076 legisse
2497 2994 2563 3057 in
2624 3016 2741 3060 nnn

400 3103 756 3188 exemplari
804 3108 1201 3187 ,spasmata,
1252 3104 1583 3184 antiquam
1632 3103 1829 3185 igitur
1879 3102 2309 3186 corruptelam
2349 3120 2490 3165 cum
2525 3119 2741 3165 recen

398 3210 578 3276 sione
626 3209 869 3275 codicis
917 3210 1013 3274 U*
1064 3229 1466 3274 communem
1515 3208 1777 3275 habere.

580 3317 640 3383 h.
668 3339 728 3382 n.
778 3316 1055 3400 XXVII,
1109 3317 1234 3380 143
1283 3316 1529 3381 Plinius
1562 3323 1819 3382 secutus
1845 3315 2168 3400 Theophr
2205 3315 2265 3381 h.
2295 3315 2383 3400 pl.
2418 3315 2534 3398 IX,
2573 3316 2673 3396 14
2709 3320 2729 3380 1

402 3424 603 3491 verba
674 3424 830 3488 tacit
909 3423 991 3487 de
1066 3422 1320 3504 ,virium
1390 3422 1756 3508 aetatibus‘,
1829 3421 2136 3504 quamdiu
2226 3421 2566 3486 herbarum
2645 3424 2741 3488 iis

402 3532 799 3613 effectusque
845 3531 1092 3595 intacta
1140 3537 1335 3612 atque
1383 3550 1547 3614 pura
1593 3537 1885 3595 maneat:

446 3637 786 3722 Theophr..
826 3637 887 3702 h.
937 3637 1026 3722 pl.
1078 3637 1195 3721 IX,
1251 3638 1352 3720 14,
1392 3638 1467 3700 11
1570 3637 1576 3742 Ι
1854 3636 1915 3702 h.
1964 3656 2024 3702 n.
2074 3635 2350 3719 XXVII,
2404 3635 2529 3699 143

400 3746 436 3809 6
488 3749 599 3823 μὲν
646 3746 767 3823 γὰρ
815 3745 1150 3822 ἐλλέβορος
1189 3746 1288 3807 καὶ
1350 3747 1518 3822 τριά-
1627 3743 2001 3827 longissimo
2049 3749 2336 3826 tempore
2384 3740 2576 3806 durat
2613 3744 2741 3804 elass

400 3872 594 3914 κοντα
641 3852 743 3928 ἔτη
795 3852 1121 3928 χρήσιμος,
1171 3851 1207 3928 ἡ
1259 3853 1329 3913 δὲ
1387 3850 1516 3928 ἀρι-
1628 3850 1878 3934 terium,
1905 3856 1975 3914 ut
1997 3848 2295 3933 diximus,
2323 3848 2737 3913 chamaeleon

401 3959 704 4037 στολοχία
736 3958 921 4021 πέντε
951 3959 988 4035 ἢ
1033 3957 1113 4031 ἕξ,
1161 3959 1516 4035 χαμαιλέων
1627 3957 1809 4040 niger
1877 3957 2008 4023 XL
2075 3957 2278 4040 annis,
2347 3955 2737 4020 centaurium

401 4068 474 4128 δὲ
522 4064 558 4127 6
609 4066 801 4141 μέλας
847 4064 1323 4141 τετταράκοντα,
1385 4084 1515 4127 κεν·
1626 4085 1754 4128 non
1800 4064 1968 4128 ultra
2000 4064 2152 4146 XII,
2199 4062 2645 4148 peucedanum
2677 4072 2741 4124 et

399 4170 619 4246 ταυρὶς
649 4173 719 4233 δὲ
769 4170 920 4234 δέκα
968 4172 1004 4248 ἢ
1053 4171 1304 4233 δώδεκα
1346 4220 1358 4233 .
1401 4220 1414 4233 .
1452 4221 1463 4233 .
1501 4221 1512 4233 .
1627 4170 2041 4236 aristolochia
2062 4171 2237 4254 VI¹),
2260 4170 2408 4236 vitis
2429 4168 2741 4236 silvestris

399 4277 791 4358 πευκέδανον
884 4280 955 4340 δὲ
1046 4277 1233 4340 πέντε
1308 4278 1345 4354 ἢ
1431 4277 1513 4352 ἕξ,
1627 4298 1816 4361 anno,
1863 4277 1930 4341 in
1975 4277 2202 4342 umbra
2248 4276 2302 4342 si
2351 4282 2657 4342 servetur.

407 4387 535 4394 *—

616 4422 657 4488 ¹)
698 4389 833 4474 liIo—ri
872 4422 1099 4475 habent
1138 4421 1543 4489 ,aristolochia
1581 4437 1653 4478 ac
1692 4420 1852 4477 vitis‘
1893 4426 2245 4496 corruptum
2283 4436 2428 4476 sane
2467 4436 2560 4491 ex,
2600 4424 2741 4473 aris-

401 4510 662 4564 tolochia
704 4509 811 4580 [ac]
854 4508 977 4580 <νι>
1029 4510 1186 4565 vitiS.
