3409 5342
1657 450 2095 527 —16-

978 651 1040 724 h.
1089 654 1177 744 pl.
1226 656 1342 744 1x,
1398 659 1499 745 10,
1528 662 1558 724 1
2204 658 2265 724 h.
2313 679 2374 725 n.
2423 654 2631 742 XXV,
2679 652 2765 722 48

710 779 748 844 ὁ
796 783 867 845 δὲ
914 782 1248 862 ἐλλέβορος
1294 783 1331 847 ὅ
1377 805 1445 849 τε
1492 786 1685 864 μέλας
1725 785 1827 848 καὶ
1934 785 2145 870 prima
2191 785 2317 851 duo
2366 791 2532 869 sunt,
2581 781 2929 848 candidum
2968 800 3047 845 ac
3144 833 3153 841 .

711 886 749 951 ὁ
781 890 1003 967 λευκὸς
1049 891 1270 970 ὥσπερ
1320 892 1644 970 ὁμώνυμοι
1680 891 1827 972 φαί-
1934 893 2208 978 nigrum,
2258 892 2382 957 hoc
2428 891 2753 957 radicibus
2798 894 3047 954 tantum

710 1014 925 1060 νονται
951 998 986 1038 *
1020 1000 1054 1039 *
1093 1000 1127 1040 *
1163 1001 1263 1063 καὶ
1310 1006 1383 1083 τῇ
1436 998 1580 1078 ὄψει
1627 1020 1825 1078 παρα·
1934 999 2223 1085 intellegi
2269 999 2531 1065 tradunt
2576 998 2885 1085 plerique.

709 1105 965 1182 πλήσιοι
1025 1100 1182 1170 εἶναι
1239 1110 1403 1188 πλὴν
1462 1112 1576 1186 τῆς
1637 1106 1826 1185 ῥίζης

715 1208 869 1293 αὕτη
921 1216 994 1276 δὲ
1039 1217 1152 1276 τοῦ
1198 1218 1310 1294 μὲν
1356 1215 1543 1292 λευκή
1591 1217 1708 1277 τοῦ
1757 1217 1828 1277 δὲ

711 1319 987 1397 μέλαινα
1036 1324 1149 1402 τὴν
1195 1325 1266 1386 δὲ
1314 1324 1573 1402 μορφὴν
1615 1323 1827 1386 αὒτῶν

709 1426 903 1492 τοίαν’
951 1430 1185 1493 καυλὸν
1246 1432 1358 1506 μὲν
1407 1428 1826 1511 ἀνθερικώδη.

924 1624 1033 1690 Sic
1081 1625 1388 1692 exhibent
1419 1626 1515 1692 U*
1545 1627 1670 1712 M*,
1720 1627 1918 1691 ceteri
1966 1624 2156 1693 codd.
2205 1625 2493 1692 inserunt
2524 1631 2670 1710 post
2713 1625 3047 1704 φαίνονται

709 1731 1217 1815 interpunctione
1263 1740 1409 1817 post
1458 1732 1577 1798 hoc
1623 1734 1891 1799 verbum
1938 1733 2184 1819 posita:
2231 1735 2371 1812 περὶ
2413 1736 2484 1796 δὲ
2512 1738 2622 1810 τῆς
2662 1731 2878 1810 ὄψεώς
2919 1735 3050 1794 δια-

712 1841 1062 1917 φώνοῦσιν’
1101 1839 1161 1903 οἱ
1211 1844 1323 1917 μὲν
1368 1842 1490 1920 γὰρ
1540 1841 1804 1919 ὁμοίους
1858 1835 2015 1905 εἶναὶ
2046 1843 2207 1919 πλὴν
2239 1846 2327 1924 τῷ
2361 1840 2639 1918 χρώματι
2691 1837 2888 1915 μόνον
2922 1842 3052 1901 δια-

716 1946 953 2024 φέρειν,
1001 1949 1115 2024 τὴν
1164 1946 1341 2025 ῥίζαν
1386 1952 1501 2012 τοῦ
1550 1950 1662 2026 μὲν
1711 1951 1934 2026 λευκὴν
1990 1952 2103 2011 τοῦ
2164 1951 2235 2011 δὲ
2301 1949 2613 2025 μέλαιναν
2681 1946 2740 2009 οἱ
2807 1949 2878 2009 δὲ
2940 1949 3052 2008 τοῦ

717 2055 831 2131 μὲν
878 2053 1152 2131 μέλανος
1197 2056 1269 2118 τὸ
1317 2056 1563 2134 φύλλον
1612 2059 1974 2135 ὁαφνῶδες,
2022 2058 2136 2118 τοῦ
2185 2057 2256 2118 δὲ
2304 2058 2528 2119 λευκοῦ
2574 2057 2917 2132 πρασώδες
2941 2053 3054 2128 τὰς

716 2163 788 2223 δὲ
834 2158 1010 2237 ῥίζας
1057 2159 1283 2239 ὁμοίας
1328 2165 1490 2240 πλὴν
1536 2167 1664 2225 τῶν
1710 2163 2076 2241 χρωμάτων·
2112 2161 2172 2224 οἱ
2225 2160 2398 2225 ὁόὖν
2437 2160 2700 2239 ὁμοίους
2765 2161 3053 2236 λέγοντες

717 2267 972 2331 τοιάνδε
1019 2270 1224 2347 φασὶν
1284 2264 1442 2332 εἶναι
1493 2272 1608 2347 τήν
1672 2271 1930 2348 μορφήν
1977 2318 2248 2333 .....
2296 2268 2560 2352 Plinius,
2626 2275 2701 2332 ut
2760 2267 3055 2349 equidem

721 2393 757 2438 e
804 2373 1158 2459 ,plerique‘'
1184 2375 1561 2459 pronomine
1609 2374 1998 2440 contendere
2059 2375 2252 2441 velim
2315 2374 2492 2460 apud
2541 2374 3057 2459 Theophrastum

722 2480 846 2545 hoc
904 2500 1099 2545 unum
1164 2482 1435 2567 legerat,
1504 2483 1675 2565 quod
1737 2483 1834 2548 U*
1882 2483 1984 2547 Μ*
2046 2483 2372 2547 exhibent.
2477 2482 2932 2567 Discrepantia
2992 2480 3056 2544 in

721 2586 1223 2671 Theophrasteis
1306 2589 1635 2655 codicibus
1705 2589 1789 2654 ab
1868 2589 2188 2655 adiectivo
2268 2589 2606 2667 ὁμώνυμος
2697 2595 2839 2654 orta
2913 2609 3054 2654 esse

720 2693 1002 2762 videtur:
1052 2702 1149 2760 est
1196 2696 1502 2763 terminus
1526 2697 1976 2762 Aristotelicus
2013 2697 2120 2782 (cf.
2158 2697 2283 2762 eth.
2320 2697 2568 2763 Nicom.
2602 2697 2675 2760 τό
2712 2696 2837 2760 ἀπὸ
2871 2697 3057 2775 τύχης

724 2801 1030 2882 ὁμώνυμα
1093 2811 1157 2868 et
1218 2810 1423 2888 ,notes
1481 2825 1563 2869 on
1621 2804 1732 2869 the
1790 2804 2255 2871 Nicomachian
2304 2803 2508 2870 ethics
2567 2804 2655 2888 by
2700 2803 2980 2868 Stewart
3024 2802 3057 2866 Ι

720 2930 784 2994 p.
803 2909 1084 2994 86-88,
1103 2907 1230 2975 alio
1255 2911 1399 2976 loco
1420 2911 1834 2976 Aristotelico
1862 2911 2123 2978 dicitur:
2147 2912 2452 2989 ὁμώνυμα
2477 2913 2719 2986 λέγεται
2738 2910 2829 2974 ὧν
2855 2909 3056 2987 ὄνομα

723 3017 919 3092 μόνον
942 3017 1174 3092 κοινόν,
1195 3016 1231 3081 ὁ
1255 3021 1326 3081 δὲ
1350 3020 1508 3082 κατὰ
1532 3018 1813 3096 τοῦνομα
1840 3019 2030 3096 λόγος
2051 3019 2266 3096 ἕτερος
2294 3037 2373 3082 ac
2393 3037 2567 3082 mere
2583 3024 2730 3083 sunt
2753 3018 3057 3094 ὁμώνυμα

726 3144 890 3204 :mue
930 3129 1191 3208 praeter
1237 3145 1467 3189 nomen
1512 3125 1668 3190 nihil
1718 3125 1958 3190 habent
2003 3125 2407 3214 commune),
2458 3124 2782 3190 sollemnis
2829 3131 2962 3190 tum
2993 3124 3058 3188 in

730 3232 1046 3316 Peripate.
1095 3231 1195 3295 De
1229 3230 1467 3316 plantis
1507 3231 1884 3317 saepissime
1924 3231 2044 3296 hoc
2073 3230 2465 3296 adiectivum
2491 3238 2836 3316 usurpatur
2867 3249 3059 3296 sensu

726 3360 922 3420 supra
941 3337 1234 3423 exposito
1258 3338 1339 3402 ci.
1369 3337 1429 3404 h.
1458 3339 1544 3424 pl.
1572 3339 1688 3423 IX,
1716 3340 1817 3423 16,
1842 3339 1917 3404 3:
1953 3339 2169 3417 ἕτερον
2191 3340 2546 3416 δίκταμνον,
2572 3340 2792 3417 ὥσπερ
2819 3339 3058 3416 ὁμώνυ-

726 3468 842 3520 μου
866 3444 1007 3509 οὔτε
1027 3449 1140 3524 τήν
1161 3443 1312 3524 ὄψιν
1332 3446 1478 3510 οὔτε
1502 3448 1616 3525 τὴν
1638 3447 1904 3525 δύναμιν
1929 3448 2075 3525 ἔχον
2094 3449 2207 3525 τὴν
2234 3447 2446 3524 αὐτήν.
2481 3445 2842 3530 Diligenter
2864 3445 3059 3529 igitur

726 3556 826 3632 ιμιι
878 3552 1075 3617 verba
1110 3551 1554 3637 Theophrasti
1601 3560 1820 3619 nostro
1866 3554 2030 3639 loc0,
2079 3553 2525 3640 philosophice
2572 3561 2642 3618 ut
2680 3553 2774 3618 ita
2825 3552 3056 3637 dicam,

726 3660 1111 3743 inspexerat,
1176 3657 1368 3724 facile
1433 3660 1699 3725 haerere
1763 3667 2019 3746 poterat
2085 3660 2259 3743 quod
2308 3662 2529 3740 ὥσπερ
2578 3661 2902 3738 ὁμώνυμοι
2951 3662 3053 3723 καὶ

726 3768 1152 3845 πυιῑιαπλήσιοι
1218 3767 1569 3833 secundum
1649 3768 2007 3835 doctrinam
2070 3769 2562 3854 peripateticam
2629 3768 2802 3834 omni
2869 3787 3061 3833 sensu

730 3892 949 3937 curere
998 3871 1410 3959 videbantur,
1483 3876 1537 3940 si
1599 3875 1860 3958 quidem
1908 3876 2044 3942 sine
2093 3876 2225 3940 ulla
2272 3875 2689 3940 adnotatione
2736 3876 3059 3953 ὁμώνυμοι

730 3994 782 4044 nt
858 3984 1284 4060 παραπλήσιοι
1370 3981 1555 4048 iuxta
1638 3982 1851 4068 posita
1943 3996 2143 4052 erant.
2261 3983 2406 4062 Qua
2489 3983 2571 4047 de
2643 4003 2844 4049 causa
2914 3989 3062 4068 post

730 4092 1049 4168 ξιμιίινυμοι
1119 4089 1185 4153 in
1269 4090 1531 4172 reliquis
1598 4090 1929 4157 codicibus
2009 4092 2252 4158 inserta
2317 4097 2415 4156 est
2484 4092 2802 4156 sententia
2864 4110 3062 4174 supra

730 4200 945 4281 allata,
1018 4216 1210 4278 quam
1279 4204 1599 4263 corrector
1669 4218 1753 4262 ex
1823 4197 1950 4263 alio
2021 4199 2299 4264 fortasse
2369 4197 2533 4262 libro
2616 4197 3060 4282 phytologicO,

730 4308 997 4368 tortasse
1045 4303 1126 4368 de
1173 4324 1287 4369 suo
1336 4304 1609 4371 addidit.
1703 4305 1835 4370 Sed
1884 4314 2207 4371 corrector
2252 4325 2378 4369 non
2424 4312 2803 4389 respexerat
2848 4290 3061 4389 ipsum

730 4409 1117 4474 mliffitivum
1163 4414 1593 4490 παραπλήσιοι
1642 4411 1944 4493 restringi
1990 4411 2214 4476 addito
2260 4413 2423 4490 πλὴν
2468 4418 2581 4490 τῆς
2624 4411 2824 4490 ῥίζηςτ
2872 4410 3063 4475 radix

734 4520 894 4580 nmini
945 4517 1156 4583 colore
1224 4518 1501 4583 maxime
1563 4518 1912 4603 discrepat,
1980 4518 2246 4583 alterius
2312 4518 2462 4583 alba
2527 4518 2791 4583 alterius
2854 4517 3065 4601 nigra.
