<?xml version="1.0" encoding="UTF-8"?>
<!DOCTYPE html PUBLIC "-//W3C//DTD XHTML 1.0 Transitional//EN"
    "http://www.w3.org/TR/xhtml1/DTD/xhtml1-transitional.dtd">
<html xmlns="http://www.w3.org/1999/xhtml" xml:lang="en" lang="en">
 <head>
  <title>
</title>
<meta http-equiv="Content-Type" content="text/html;charset=utf-8" />
  <meta name='ocr-system' content='tesseract 3.04.00' />
  <meta name='ocr-capabilities' content='ocr_page ocr_carea ocr_par ocr_line ocrx_word'/>
</head>
<body>
  <div class='ocr_page' id='page_1' title='image "./detheophrastier00wirtgoog_0051.png"; bbox 0 0 3409 5342; ppageno 0'>
   <div class='ocr_carea' id='block_1_1' title="bbox 652 492 868 571">
    <p class='ocr_par' dir='ltr' id='par_1_1' title="bbox 652 492 868 571">
     <span class='ocr_line' id='line_1_1' title="bbox 652 492 868 571; baseline -0.019 -11"><span class='ocrx_word' id='word_1_1' title='bbox 652 492 868 571; x_wconf 70' lang='grc'>..45..</span> 
     </span>
    </p>
   </div>
   <div class='ocr_carea' id='block_1_2' title="bbox 139 699 1350 3573">
    <p class='ocr_par' dir='ltr' id='par_1_2' title="bbox 177 699 1344 898">
     <span class='ocr_line' id='line_1_2' title="bbox 177 699 1344 789; baseline -0.003 -18"><span class='ocrx_word' id='word_1_2' title='bbox 177 705 253 771; x_wconf 89' lang='grc'><strong>110111</strong></span> <span class='ocrx_word' id='word_1_3' title='bbox 279 705 466 789; x_wconf 82' lang='lat' dir='ltr'>desumptis.</span> <span class='ocrx_word' id='word_1_4' title='bbox 513 704 659 787; x_wconf 81' lang='lat' dir='ltr'>Apparet</span> <span class='ocrx_word' id='word_1_5' title='bbox 681 701 781 785; x_wconf 84' lang='lat' dir='ltr'>igitur</span> <span class='ocrx_word' id='word_1_6' title='bbox 804 708 968 766; x_wconf 78' lang='lat' dir='ltr'>auctorem</span> <span class='ocrx_word' id='word_1_7' title='bbox 991 701 1104 769; x_wconf 86' lang='lat' dir='ltr'>mireb.</span> <span class='ocrx_word' id='word_1_8' title='bbox 1130 699 1265 769; x_wconf 88' lang='lat' dir='ltr'>auscult.</span> <span class='ocrx_word' id='word_1_9' title='bbox 1291 724 1344 768; x_wconf 91' lang='lat' dir='ltr'>no·</span> 
     </span>
     <span class='ocr_line' id='line_1_3' title="bbox 177 808 749 898; baseline -0.009 -19"><span class='ocrx_word' id='word_1_10' title='bbox 177 814 263 887; x_wconf 89' lang='lat' dir='ltr'>visse</span> <span class='ocrx_word' id='word_1_11' title='bbox 286 812 447 898; x_wconf 79' lang='lat' dir='ltr'>epitomen</span> <span class='ocrx_word' id='word_1_12' title='bbox 469 808 749 894; x_wconf 86' lang='lat' dir='ltr'>Aristophancam.</span> 
     </span>
    </p>

    <p class='ocr_par' dir='ltr' id='par_1_3' title="bbox 140 913 1348 2074">
     <span class='ocr_line' id='line_1_4' title="bbox 284 913 1346 1001; baseline -0.004 -17"><span class='ocrx_word' id='word_1_13' title='bbox 284 919 339 984; x_wconf 85' lang='lat' dir='ltr'>Sic</span> <span class='ocrx_word' id='word_1_14' title='bbox 371 915 550 982; x_wconf 79' lang='lat' dir='ltr'>invenimus</span> <span class='ocrx_word' id='word_1_15' title='bbox 584 913 763 996; x_wconf 88' lang='lat' dir='ltr'>terminum,</span> <span class='ocrx_word' id='word_1_16' title='bbox 799 922 874 978; x_wconf 90' lang='lat' dir='ltr'>ante</span> <span class='ocrx_word' id='word_1_17' title='bbox 907 934 1001 997; x_wconf 90' lang='lat' dir='ltr'>quem</span> <span class='ocrx_word' id='word_1_18' title='bbox 1033 937 1096 980; x_wconf 94' lang='lat' dir='ltr'>non</span> <span class='ocrx_word' id='word_1_19' title='bbox 1129 916 1346 1001; x_wconf 91' lang='lat' dir='ltr'>conscriptum</span> 
     </span>
     <span class='ocr_line' id='line_1_5' title="bbox 179 1021 1346 1109; baseline -0.003 -19"><span class='ocrx_word' id='word_1_20' title='bbox 179 1046 250 1092; x_wconf 88' lang='lat' dir='ltr'>esse</span> <span class='ocrx_word' id='word_1_21' title='bbox 284 1025 400 1089; x_wconf 92' lang='lat' dir='ltr'>librum</span> <span class='ocrx_word' id='word_1_22' title='bbox 442 1022 813 1109; x_wconf 85' lang='lat' dir='ltr'>pseudo-aristotelicum</span> <span class='ocrx_word' id='word_1_23' title='bbox 852 1041 947 1104; x_wconf 92' lang='lat' dir='ltr'>quem</span> <span class='ocrx_word' id='word_1_24' title='bbox 986 1021 1097 1087; x_wconf 93' lang='lat' dir='ltr'>dicunt</span> <span class='ocrx_word' id='word_1_25' title='bbox 1136 1030 1272 1107; x_wconf 90' lang='lat' dir='ltr'>constat,</span> <span class='ocrx_word' id='word_1_26' title='bbox 1311 1028 1346 1087; x_wconf 95' lang='lat' dir='ltr'>ut</span> 
     </span>
     <span class='ocr_line' id='line_1_6' title="bbox 140 1129 1347 1218; baseline -0.003 -21"><span class='ocrx_word' id='word_1_27' title='bbox 140 1192 142 1197; x_wconf 89' lang='lat'><em>.</em></span> <span class='ocrx_word' id='word_1_28' title='bbox 178 1133 309 1218; x_wconf 90' lang='lat' dir='ltr'>probari</span> <span class='ocrx_word' id='word_1_29' title='bbox 341 1137 481 1213; x_wconf 86' lang='lat' dir='ltr'>nequeat</span> <span class='ocrx_word' id='word_1_30' title='bbox 513 1149 607 1212; x_wconf 90' lang='lat' dir='ltr'>quem</span> <span class='ocrx_word' id='word_1_31' title='bbox 631 1129 866 1194; x_wconf 80' lang='lat' dir='ltr'>Mullenhoffius</span> <span class='ocrx_word' id='word_1_32' title='bbox 895 1148 1031 1211; x_wconf 87' lang='lat' dir='ltr'>eumque</span> <span class='ocrx_word' id='word_1_33' title='bbox 1058 1130 1160 1195; x_wconf 89' lang='lat' dir='ltr'>secuti</span> <span class='ocrx_word' id='word_1_34' title='bbox 1190 1130 1245 1195; x_wconf 88' lang='lat' dir='ltr'>alii</span> <span class='ocrx_word' id='word_1_35' title='bbox 1274 1151 1347 1214; x_wconf 83' lang='lat' dir='ltr'>pro-</span> 
     </span>
     <span class='ocr_line' id='line_1_7' title="bbox 178 1236 1347 1324; baseline -0.003 -19"><span class='ocrx_word' id='word_1_36' title='bbox 178 1246 319 1324; x_wconf 88' lang='lat' dir='ltr'>suerunt,</span> <span class='ocrx_word' id='word_1_37' title='bbox 343 1238 438 1303; x_wconf 89' lang='lat' dir='ltr'>finem</span> <span class='ocrx_word' id='word_1_38' title='bbox 462 1236 534 1301; x_wconf 92' lang='lat' dir='ltr'>dico</span> <span class='ocrx_word' id='word_1_39' title='bbox 558 1237 608 1301; x_wconf 94' lang='grc' dir='ltr'>ΙΙΙ</span> <span class='ocrx_word' id='word_1_40' title='bbox 632 1258 661 1302; x_wconf 89' lang='lat' dir='ltr'>a.</span> <span class='ocrx_word' id='word_1_41' title='bbox 680 1236 984 1321; x_wconf 78' lang='grc'><strong>011000000010111,</strong></span> <span class='ocrx_word' id='word_1_42' title='bbox 1008 1236 1084 1301; x_wconf 92' lang='lat' dir='ltr'>inde</span> <span class='ocrx_word' id='word_1_43' title='bbox 1099 1236 1195 1302; x_wconf 85' lang='lat' dir='ltr'>tacile</span> <span class='ocrx_word' id='word_1_44' title='bbox 1212 1238 1347 1321; x_wconf 82' lang='lat' dir='ltr'>colligas</span> 
     </span>
     <span class='ocr_line' id='line_1_8' title="bbox 177 1343 1347 1430; baseline -0.001 -19"><span class='ocrx_word' id='word_1_45' title='bbox 177 1347 307 1412; x_wconf 90' lang='lat' dir='ltr'>ineunte</span> <span class='ocrx_word' id='word_1_46' title='bbox 337 1347 439 1410; x_wconf 87' lang='lat' dir='ltr'>altero</span> <span class='ocrx_word' id='word_1_47' title='bbox 469 1344 598 1409; x_wconf 90' lang='lat' dir='ltr'>saeculo</span> <span class='ocrx_word' id='word_1_48' title='bbox 622 1365 652 1409; x_wconf 88' lang='lat' dir='ltr'>a.</span> <span class='ocrx_word' id='word_1_49' title='bbox 677 1343 744 1409; x_wconf 89' lang='lat' dir='ltr'>chr.</span> <span class='ocrx_word' id='word_1_50' title='bbox 769 1364 799 1409; x_wconf 89' lang='lat' dir='ltr'>n.</span> <span class='ocrx_word' id='word_1_51' title='bbox 833 1343 918 1408; x_wconf 91' lang='lat' dir='ltr'>hune</span> <span class='ocrx_word' id='word_1_52' title='bbox 950 1344 1066 1409; x_wconf 92' lang='lat' dir='ltr'>librum</span> <span class='ocrx_word' id='word_1_53' title='bbox 1098 1345 1347 1430; x_wconf 88' lang='lat' dir='ltr'>pseudo-aristo-</span> 
     </span>
     <span class='ocr_line' id='line_1_9' title="bbox 178 1451 1346 1540; baseline -0.001 -19"><span class='ocrx_word' id='word_1_54' title='bbox 178 1456 308 1521; x_wconf 93' lang='lat' dir='ltr'>telicum</span> <span class='ocrx_word' id='word_1_55' title='bbox 332 1453 414 1539; x_wconf 87' lang='lat' dir='ltr'>(scil.</span> <span class='ocrx_word' id='word_1_56' title='bbox 439 1460 512 1538; x_wconf 91' lang='lat' dir='ltr'>post</span> <span class='ocrx_word' id='word_1_57' title='bbox 535 1451 785 1538; x_wconf 83' lang='lat' dir='ltr'>Aristophanem</span> <span class='ocrx_word' id='word_1_58' title='bbox 799 1452 1004 1537; x_wconf 83' lang='lat' dir='ltr'>Byzantium)</span> <span class='ocrx_word' id='word_1_59' title='bbox 1029 1454 1246 1540; x_wconf 88' lang='lat' dir='ltr'>conscriptum</span> <span class='ocrx_word' id='word_1_60' title='bbox 1266 1475 1346 1521; x_wconf 90' lang='lat' dir='ltr'>esse.</span> 
     </span>
     <span class='ocr_line' id='line_1_10' title="bbox 179 1547 1346 1646; baseline 0 -19"><span class='ocrx_word' id='word_1_61' title='bbox 179 1564 263 1627; x_wconf 92' lang='lat' dir='ltr'>Tum</span> <span class='ocrx_word' id='word_1_62' title='bbox 291 1560 378 1644; x_wconf 89' lang='lat' dir='ltr'>quod</span> <span class='ocrx_word' id='word_1_63' title='bbox 409 1559 541 1646; x_wconf 90' lang='lat' dir='ltr'>protulit</span> <span class='ocrx_word' id='word_1_64' title='bbox 572 1547 793 1624; x_wconf 89' lang='lat' dir='ltr'>Wcllmannus</span> <span class='ocrx_word' id='word_1_65' title='bbox 825 1561 928 1643; x_wconf 89' lang='lat' dir='ltr'>primo</span> <span class='ocrx_word' id='word_1_66' title='bbox 958 1567 1033 1644; x_wconf 93' lang='lat' dir='ltr'>post</span> <span class='ocrx_word' id='word_1_67' title='bbox 1066 1561 1132 1627; x_wconf 90' lang='lat' dir='ltr'>chr.</span> <span class='ocrx_word' id='word_1_68' title='bbox 1157 1583 1187 1628; x_wconf 90' lang='lat' dir='ltr'>n.</span> <span class='ocrx_word' id='word_1_69' title='bbox 1218 1564 1346 1628; x_wconf 87' lang='lat' dir='ltr'>saeculo</span> 
     </span>
     <span class='ocr_line' id='line_1_11' title="bbox 178 1666 1348 1734; baseline 0 0"><span class='ocrx_word' id='word_1_70' title='bbox 178 1669 246 1734; x_wconf 85' lang='lat' dir='ltr'>fere</span> <span class='ocrx_word' id='word_1_71' title='bbox 270 1688 379 1734; x_wconf 89' lang='lat' dir='ltr'>omnes</span> <span class='ocrx_word' id='word_1_72' title='bbox 406 1674 555 1733; x_wconf 89' lang='lat' dir='ltr'>auctores</span> <span class='ocrx_word' id='word_1_73' title='bbox 586 1686 660 1732; x_wconf 94' lang='lat' dir='ltr'>usos</span> <span class='ocrx_word' id='word_1_74' title='bbox 691 1686 762 1732; x_wconf 89' lang='lat' dir='ltr'>esse</span> <span class='ocrx_word' id='word_1_75' title='bbox 785 1666 967 1732; x_wconf 86' lang='lat' dir='ltr'>Aristotelis</span> <span class='ocrx_word' id='word_1_76' title='bbox 1000 1667 1132 1733; x_wconf 86' lang='lat' dir='ltr'>historia</span> <span class='ocrx_word' id='word_1_77' title='bbox 1163 1669 1348 1734; x_wconf 90' lang='lat' dir='ltr'>animalium</span> 
     </span>
     <span class='ocr_line' id='line_1_12' title="bbox 179 1772 1348 1862; baseline 0.001 -21"><span class='ocrx_word' id='word_1_78' title='bbox 179 1796 236 1862; x_wconf 92' lang='lat' dir='ltr'>per</span> <span class='ocrx_word' id='word_1_79' title='bbox 259 1773 484 1859; x_wconf 84' lang='lat' dir='ltr'>Aristophanis</span> <span class='ocrx_word' id='word_1_80' title='bbox 508 1775 681 1858; x_wconf 82' lang='lat' dir='ltr'>epitomem</span> <span class='ocrx_word' id='word_1_81' title='bbox 703 1772 751 1846; x_wconf 87' lang='lat' dir='ltr'>ita</span> <span class='ocrx_word' id='word_1_82' title='bbox 774 1773 936 1857; x_wconf 81' lang='lat' dir='ltr'>corrigere</span> <span class='ocrx_word' id='word_1_83' title='bbox 959 1775 1064 1859; x_wconf 89' lang='lat' dir='ltr'>velim,</span> <span class='ocrx_word' id='word_1_84' title='bbox 1088 1783 1123 1840; x_wconf 95' lang='lat' dir='ltr'>ut</span> <span class='ocrx_word' id='word_1_85' title='bbox 1139 1783 1247 1841; x_wconf 88' lang='lat' dir='ltr'>aetate</span> <span class='ocrx_word' id='word_1_86' title='bbox 1264 1797 1348 1859; x_wconf 90' lang='lat' dir='ltr'>quae</span> 
     </span>
     <span class='ocr_line' id='line_1_13' title="bbox 179 1880 1348 1969; baseline 0.001 -21"><span class='ocrx_word' id='word_1_87' title='bbox 179 1882 405 1967; x_wconf 88' lang='lat' dir='ltr'>Aristophanis</span> <span class='ocrx_word' id='word_1_88' title='bbox 450 1880 551 1966; x_wconf 89' lang='lat' dir='ltr'>ipsius</span> <span class='ocrx_word' id='word_1_89' title='bbox 597 1886 736 1945; x_wconf 88' lang='lat' dir='ltr'>aetatem</span> <span class='ocrx_word' id='word_1_90' title='bbox 783 1887 945 1965; x_wconf 91' lang='lat' dir='ltr'>sequatur,</span> <span class='ocrx_word' id='word_1_91' title='bbox 985 1881 1223 1947; x_wconf 82' lang='lat' dir='ltr'>Aristotelicum</span> <span class='ocrx_word' id='word_1_92' title='bbox 1267 1904 1348 1969; x_wconf 90' lang='lat' dir='ltr'>opus</span> 
     </span>
     <span class='ocr_line' id='line_1_14' title="bbox 179 1987 931 2074; baseline -0.005 -18"><span class='ocrx_word' id='word_1_93' title='bbox 179 1988 405 2074; x_wconf 86' lang='lat' dir='ltr'>Aristophanis</span> <span class='ocrx_word' id='word_1_94' title='bbox 429 1989 588 2073; x_wconf 89' lang='lat' dir='ltr'>epitomae</span> <span class='ocrx_word' id='word_1_95' title='bbox 611 1987 746 2051; x_wconf 80' lang='lat' dir='ltr'>cessisse</span> <span class='ocrx_word' id='word_1_96' title='bbox 771 2005 931 2052; x_wconf 88' lang='lat' dir='ltr'>censeam.</span> 
     </span>
    </p>

    <p class='ocr_par' dir='ltr' id='par_1_4' title="bbox 139 2093 1350 3573">
     <span class='ocr_line' id='line_1_15' title="bbox 287 2093 1347 2179; baseline 0.001 -20"><span class='ocrx_word' id='word_1_97' title='bbox 287 2095 434 2160; x_wconf 86' lang='lat' dir='ltr'>Tandem</span> <span class='ocrx_word' id='word_1_98' title='bbox 466 2093 662 2159; x_wconf 90' lang='lat' dir='ltr'>absolvimus</span> <span class='ocrx_word' id='word_1_99' title='bbox 694 2093 755 2157; x_wconf 89' lang='grc'><strong>1100</strong></span> <span class='ocrx_word' id='word_1_100' title='bbox 786 2113 844 2178; x_wconf 91' lang='lat' dir='ltr'>per</span> <span class='ocrx_word' id='word_1_101' title='bbox 877 2093 1068 2179; x_wconf 89' lang='lat' dir='ltr'>scriptorum</span> <span class='ocrx_word' id='word_1_102' title='bbox 1101 2103 1244 2160; x_wconf 85' lang='lat' dir='ltr'>veterum</span> <span class='ocrx_word' id='word_1_103' title='bbox 1274 2097 1347 2161; x_wconf 88' lang='lat' dir='ltr'>Ale-</span> 
     </span>
     <span class='ocr_line' id='line_1_16' title="bbox 180 2200 1348 2285; baseline 0.001 -18"><span class='ocrx_word' id='word_1_104' title='bbox 180 2203 359 2268; x_wconf 90' lang='lat' dir='ltr'>xandrinae</span> <span class='ocrx_word' id='word_1_105' title='bbox 376 2201 493 2267; x_wconf 89' lang='lat' dir='ltr'>aetatis</span> <span class='ocrx_word' id='word_1_106' title='bbox 508 2201 607 2266; x_wconf 90' lang='lat' dir='ltr'>libros</span> <span class='ocrx_word' id='word_1_107' title='bbox 623 2202 684 2265; x_wconf 92' lang='lat' dir='ltr'>iter</span> <span class='ocrx_word' id='word_1_108' title='bbox 704 2200 878 2285; x_wconf 90' lang='lat' dir='ltr'>inceptum,</span> <span class='ocrx_word' id='word_1_109' title='bbox 903 2201 1079 2285; x_wconf 89' lang='lat' dir='ltr'>paucisque</span> <span class='ocrx_word' id='word_1_110' title='bbox 1101 2222 1185 2267; x_wconf 93' lang='lat' dir='ltr'>nunc</span> <span class='ocrx_word' id='word_1_111' title='bbox 1204 2202 1348 2268; x_wconf 89' lang='lat' dir='ltr'>indicare</span> 
     </span>
     <span class='ocr_line' id='line_1_17' title="bbox 179 2308 1348 2395; baseline 0 -20"><span class='ocrx_word' id='word_1_112' title='bbox 179 2311 285 2395; x_wconf 84' lang='lat' dir='ltr'>velim,</span> <span class='ocrx_word' id='word_1_113' title='bbox 319 2329 414 2392; x_wconf 90' lang='lat' dir='ltr'>quem</span> <span class='ocrx_word' id='word_1_114' title='bbox 449 2308 523 2372; x_wconf 90' lang='lat' dir='ltr'>inde</span> <span class='ocrx_word' id='word_1_115' title='bbox 556 2308 694 2372; x_wconf 85' lang='lat' dir='ltr'>fructum</span> <span class='ocrx_word' id='word_1_116' title='bbox 727 2313 911 2392; x_wconf 89' lang='lat' dir='ltr'>reportasse</span> <span class='ocrx_word' id='word_1_117' title='bbox 944 2310 1035 2374; x_wconf 92' lang='lat' dir='ltr'>nobis</span> <span class='ocrx_word' id='word_1_118' title='bbox 1069 2309 1245 2376; x_wconf 86' lang='lat' dir='ltr'>videamur.</span> <span class='ocrx_word' id='word_1_119' title='bbox 1301 2312 1348 2376; x_wconf 92' lang='lat' dir='ltr'>Ac</span> 
     </span>
     <span class='ocr_line' id='line_1_18' title="bbox 180 2414 1348 2503; baseline 0.001 -22"><span class='ocrx_word' id='word_1_120' title='bbox 180 2417 316 2503; x_wconf 83' lang='lat' dir='ltr'>primunr</span> <span class='ocrx_word' id='word_1_121' title='bbox 355 2416 484 2499; x_wconf 89' lang='lat' dir='ltr'>quidem</span> <span class='ocrx_word' id='word_1_122' title='bbox 523 2414 683 2481; x_wconf 89' lang='lat' dir='ltr'>constabit</span> <span class='ocrx_word' id='word_1_123' title='bbox 721 2414 829 2480; x_wconf 91' lang='lat' dir='ltr'>studia</span> <span class='ocrx_word' id='word_1_124' title='bbox 864 2415 1080 2500; x_wconf 86' lang='lat' dir='ltr'>Theophrasti</span> <span class='ocrx_word' id='word_1_125' title='bbox 1114 2417 1268 2482; x_wconf 90' lang='lat' dir='ltr'>librorum</span> <span class='ocrx_word' id='word_1_126' title='bbox 1307 2418 1348 2482; x_wconf 90' lang='lat' dir='ltr'>de</span> 
     </span>
     <span class='ocr_line' id='line_1_19' title="bbox 180 2521 1348 2609; baseline 0.001 -20"><span class='ocrx_word' id='word_1_127' title='bbox 180 2524 299 2609; x_wconf 91' lang='lat' dir='ltr'>plantis</span> <span class='ocrx_word' id='word_1_128' title='bbox 322 2529 475 2608; x_wconf 90' lang='lat' dir='ltr'>suscepta</span> <span class='ocrx_word' id='word_1_129' title='bbox 496 2542 568 2587; x_wconf 90' lang='lat' dir='ltr'>esse</span> <span class='ocrx_word' id='word_1_130' title='bbox 583 2521 801 2586; x_wconf 85' lang='lat' dir='ltr'>Alexandriae</span> <span class='ocrx_word' id='word_1_131' title='bbox 818 2521 1043 2607; x_wconf 89' lang='lat' dir='ltr'>Aristophanis</span> <span class='ocrx_word' id='word_1_132' title='bbox 1065 2524 1214 2609; x_wconf 87' lang='lat' dir='ltr'>Byzantii</span> <span class='ocrx_word' id='word_1_133' title='bbox 1231 2531 1348 2591; x_wconf 90' lang='lat' dir='ltr'>aetate.</span> 
     </span>
     <span class='ocr_line' id='line_1_20' title="bbox 179 2627 1349 2717; baseline 0.002 -22"><span class='ocrx_word' id='word_1_134' title='bbox 179 2631 232 2695; x_wconf 90' lang='lat' dir='ltr'>Ad</span> <span class='ocrx_word' id='word_1_135' title='bbox 256 2632 371 2715; x_wconf 90' lang='lat' dir='ltr'>omnia,</span> <span class='ocrx_word' id='word_1_136' title='bbox 396 2649 480 2712; x_wconf 88' lang='lat' dir='ltr'>quae</span> <span class='ocrx_word' id='word_1_137' title='bbox 503 2628 611 2692; x_wconf 94' lang='lat' dir='ltr'>adhuc</span> <span class='ocrx_word' id='word_1_138' title='bbox 643 2627 684 2692; x_wconf 92' lang='lat' dir='ltr'>de</span> <span class='ocrx_word' id='word_1_139' title='bbox 715 2628 805 2693; x_wconf 84' lang='lat' dir='ltr'>libris</span> <span class='ocrx_word' id='word_1_140' title='bbox 838 2649 877 2693; x_wconf 90' lang='lat' dir='ltr'>ac</span> <span class='ocrx_word' id='word_1_141' title='bbox 909 2629 1024 2695; x_wconf 90' lang='lat' dir='ltr'>studiis</span> <span class='ocrx_word' id='word_1_142' title='bbox 1053 2632 1349 2717; x_wconf 70' lang='grc'><strong>0101101000001</strong></span> 
     </span>
     <span class='ocr_line' id='line_1_21' title="bbox 180 2719 1349 2824; baseline 0.004 -24"><span class='ocrx_word' id='word_1_143' title='bbox 180 2737 292 2801; x_wconf 87' lang='lat' dir='ltr'>dicunt</span> <span class='ocrx_word' id='word_1_144' title='bbox 329 2735 584 2822; x_wconf 83' lang='lat' dir='ltr'>peripateticam,</span> <span class='ocrx_word' id='word_1_145' title='bbox 621 2719 778 2818; x_wconf 43' lang='lat' dir='ltr'>&#39;profectis</span> <span class='ocrx_word' id='word_1_146' title='bbox 817 2736 949 2819; x_wconf 85' lang='lat' dir='ltr'>cognita</span> <span class='ocrx_word' id='word_1_147' title='bbox 986 2736 1152 2824; x_wconf 84' lang='lat' dir='ltr'>habemus,</span> <span class='ocrx_word' id='word_1_148' title='bbox 1192 2740 1349 2805; x_wconf 84' lang='lat' dir='ltr'>accedere</span> 
     </span>
     <span class='ocr_line' id='line_1_22' title="bbox 180 2841 1349 2931; baseline 0.003 -23"><span class='ocrx_word' id='word_1_149' title='bbox 180 2844 340 2927; x_wconf 87' lang='lat' dir='ltr'>videntur,</span> <span class='ocrx_word' id='word_1_150' title='bbox 371 2862 455 2925; x_wconf 91' lang='lat' dir='ltr'>quac</span> <span class='ocrx_word' id='word_1_151' title='bbox 488 2862 529 2906; x_wconf 89' lang='lat' dir='ltr'>ex</span> <span class='ocrx_word' id='word_1_152' title='bbox 560 2848 671 2907; x_wconf 86' lang='lat' dir='ltr'>nostra</span> <span class='ocrx_word' id='word_1_153' title='bbox 701 2841 919 2926; x_wconf 82' lang='lat' dir='ltr'>disputatione</span> <span class='ocrx_word' id='word_1_154' title='bbox 949 2843 1231 2931; x_wconf 88' lang='lat' dir='ltr'>deTheophrasti</span> <span class='ocrx_word' id='word_1_155' title='bbox 1260 2847 1349 2912; x_wconf 86' lang='lat' dir='ltr'>libris</span> 
     </span>
     <span class='ocr_line' id='line_1_23' title="bbox 180 2939 1349 3039; baseline 0.003 -24"><span class='ocrx_word' id='word_1_156' title='bbox 180 2951 397 3037; x_wconf 85' lang='lat' dir='ltr'>phytologicis</span> <span class='ocrx_word' id='word_1_157' title='bbox 421 2939 652 3015; x_wconf 83' lang='lat' dir='ltr'>conclusimus:</span> <span class='ocrx_word' id='word_1_158' title='bbox 678 2948 921 3033; x_wconf 88' lang='lat' dir='ltr'>Theophrastus</span> <span class='ocrx_word' id='word_1_159' title='bbox 943 2951 1014 3036; x_wconf 91' lang='lat' dir='ltr'>ipse</span> <span class='ocrx_word' id='word_1_160' title='bbox 1030 2951 1129 3018; x_wconf 89' lang='lat' dir='ltr'>libros</span> <span class='ocrx_word' id='word_1_161' title='bbox 1144 2974 1219 3019; x_wconf 89' lang='lat' dir='ltr'>suos</span> <span class='ocrx_word' id='word_1_162' title='bbox 1235 2954 1349 3039; x_wconf 87' lang='lat' dir='ltr'>phyto-</span> 
     </span>
     <span class='ocr_line' id='line_1_24' title="bbox 139 3045 1348 3141; baseline 0.003 -19"><span class='ocrx_word' id='word_1_163' title='bbox 139 3045 142 3049; x_wconf 50' lang='grc'>’</span> <span class='ocrx_word' id='word_1_164' title='bbox 180 3059 305 3141; x_wconf 83' lang='lat' dir='ltr'>logicos</span> <span class='ocrx_word' id='word_1_165' title='bbox 340 3077 403 3122; x_wconf 94' lang='lat' dir='ltr'>non</span> <span class='ocrx_word' id='word_1_166' title='bbox 436 3055 547 3140; x_wconf 81' lang='lat' dir='ltr'>edidit,</span> <span class='ocrx_word' id='word_1_167' title='bbox 580 3055 791 3120; x_wconf 83' lang='lat' dir='ltr'>Alexandrini</span> <span class='ocrx_word' id='word_1_168' title='bbox 825 3058 1029 3139; x_wconf 84' lang='lat' dir='ltr'>grammatici</span> <span class='ocrx_word' id='word_1_169' title='bbox 1064 3059 1195 3124; x_wconf 90' lang='lat' dir='ltr'>scholae</span> <span class='ocrx_word' id='word_1_170' title='bbox 1229 3061 1348 3127; x_wconf 90' lang='lat' dir='ltr'>Aristo-</span> 
     </span>
     <span class='ocr_line' id='line_1_25' title="bbox 181 3162 1349 3251; baseline 0.004 -23"><span class='ocrx_word' id='word_1_171' title='bbox 181 3165 297 3251; x_wconf 89' lang='lat' dir='ltr'>phanis</span> <span class='ocrx_word' id='word_1_172' title='bbox 320 3163 469 3248; x_wconf 82' lang='lat' dir='ltr'>Byzantii</span> <span class='ocrx_word' id='word_1_173' title='bbox 492 3162 629 3248; x_wconf 90' lang='lat' dir='ltr'>primam</span> <span class='ocrx_word' id='word_1_174' title='bbox 657 3162 829 3228; x_wconf 88' lang='lat' dir='ltr'>editionem</span> <span class='ocrx_word' id='word_1_175' title='bbox 861 3172 1078 3249; x_wconf 88' lang='lat' dir='ltr'>conceperunt</span> <span class='ocrx_word' id='word_1_176' title='bbox 1107 3172 1139 3231; x_wconf 92' lang='lat' dir='ltr'>et</span> <span class='ocrx_word' id='word_1_177' title='bbox 1169 3166 1349 3234; x_wconf 88' lang='lat' dir='ltr'>ediderunt.</span> 
     </span>
     <span class='ocr_line' id='line_1_26' title="bbox 180 3268 1350 3354; baseline 0.001 -17"><span class='ocrx_word' id='word_1_178' title='bbox 180 3273 252 3338; x_wconf 89' lang='lat' dir='ltr'>Nec</span> <span class='ocrx_word' id='word_1_179' title='bbox 289 3272 450 3353; x_wconf 90' lang='lat' dir='ltr'>miramur,</span> <span class='ocrx_word' id='word_1_180' title='bbox 490 3269 577 3351; x_wconf 90' lang='lat' dir='ltr'>quod</span> <span class='ocrx_word' id='word_1_181' title='bbox 615 3268 677 3334; x_wconf 94' lang='lat' dir='ltr'>hoc</span> <span class='ocrx_word' id='word_1_182' title='bbox 712 3276 863 3334; x_wconf 88' lang='lat' dir='ltr'>accurate</span> <span class='ocrx_word' id='word_1_183' title='bbox 898 3290 1074 3354; x_wconf 80' lang='lat' dir='ltr'>congruere</span> <span class='ocrx_word' id='word_1_184' title='bbox 1112 3271 1239 3337; x_wconf 88' lang='lat' dir='ltr'>videtur</span> <span class='ocrx_word' id='word_1_185' title='bbox 1278 3294 1350 3338; x_wconf 90' lang='lat' dir='ltr'>cum</span> 
     </span>
     <span class='ocr_line' id='line_1_27' title="bbox 179 3375 1349 3462; baseline 0.001 -17"><span class='ocrx_word' id='word_1_186' title='bbox 179 3377 296 3445; x_wconf 92' lang='lat' dir='ltr'>studiis</span> <span class='ocrx_word' id='word_1_187' title='bbox 319 3375 547 3462; x_wconf 83' lang='lat' dir='ltr'>peripateticis,</span> <span class='ocrx_word' id='word_1_188' title='bbox 572 3375 682 3457; x_wconf 89' lang='lat' dir='ltr'>qualia</span> <span class='ocrx_word' id='word_1_189' title='bbox 704 3376 922 3441; x_wconf 84' lang='lat' dir='ltr'>Alexandriae</span> <span class='ocrx_word' id='word_1_190' title='bbox 946 3377 1046 3443; x_wconf 85' lang='lat' dir='ltr'>fuisse</span> <span class='ocrx_word' id='word_1_191' title='bbox 1074 3378 1259 3446; x_wconf 88' lang='lat' dir='ltr'>traduntur:</span> <span class='ocrx_word' id='word_1_192' title='bbox 1294 3382 1349 3446; x_wconf 93' lang='lat' dir='ltr'>im-</span> 
     </span>
     <span class='ocr_line' id='line_1_28' title="bbox 179 3481 1350 3573; baseline 0.004 -25"><span class='ocrx_word' id='word_1_193' title='bbox 179 3484 292 3571; x_wconf 87' lang='lat' dir='ltr'>primis</span> <span class='ocrx_word' id='word_1_194' title='bbox 315 3482 389 3548; x_wconf 89' lang='lat' dir='ltr'>libri</span> <span class='ocrx_word' id='word_1_195' title='bbox 412 3481 565 3566; x_wconf 89' lang='lat' dir='ltr'>historici,</span> <span class='ocrx_word' id='word_1_196' title='bbox 582 3482 734 3567; x_wconf 91' lang='lat' dir='ltr'>botanici,</span> <span class='ocrx_word' id='word_1_197' title='bbox 758 3483 913 3564; x_wconf 78' lang='lat' dir='ltr'>zoologici</span> <span class='ocrx_word' id='word_1_198' title='bbox 930 3484 1194 3570; x_wconf 90' lang='lat' dir='ltr'>philosophorum</span> <span class='ocrx_word' id='word_1_199' title='bbox 1210 3488 1350 3573; x_wconf 88' lang='lat' dir='ltr'>peripati</span> 
     </span>
    </p>
   </div>
   <div class='ocr_carea' id='block_1_3' title="bbox 180 3586 1503 3781">
    <p class='ocr_par' dir='ltr' id='par_1_5' title="bbox 180 3586 1503 3781">
     <span class='ocr_line' id='line_1_29' title="bbox 180 3586 1476 3677; baseline 0.002 -20"><span class='ocrx_word' id='word_1_200' title='bbox 180 3593 214 3658; x_wconf 93' lang='lat' dir='ltr'>in</span> <span class='ocrx_word' id='word_1_201' title='bbox 253 3590 368 3656; x_wconf 88' lang='lat' dir='ltr'>studiis</span> <span class='ocrx_word' id='word_1_202' title='bbox 406 3594 497 3654; x_wconf 90' lang='lat' dir='ltr'>erant</span> <span class='ocrx_word' id='word_1_203' title='bbox 532 3595 564 3653; x_wconf 91' lang='lat' dir='ltr'>et</span> <span class='ocrx_word' id='word_1_204' title='bbox 599 3587 770 3672; x_wconf 85' lang='lat' dir='ltr'>diligenter</span> <span class='ocrx_word' id='word_1_205' title='bbox 807 3591 1100 3675; x_wconf 89' lang='lat' dir='ltr'>pertractabantur.</span> <span class='ocrx_word' id='word_1_206' title='bbox 1158 3594 1350 3677; x_wconf 82' lang='lat' dir='ltr'>Analogiam</span> <span class='ocrx_word' id='word_1_207' title='bbox 1474 3586 1476 3591; x_wconf 70' lang='grc'><strong>’</strong></span> 
     </span>
     <span class='ocr_line' id='line_1_30' title="bbox 182 3695 1503 3781; baseline 0 -16"><span class='ocrx_word' id='word_1_208' title='bbox 182 3705 292 3765; x_wconf 90' lang='lat' dir='ltr'>textus</span> <span class='ocrx_word' id='word_1_209' title='bbox 315 3695 509 3763; x_wconf 88' lang='lat' dir='ltr'>recensionis</span> <span class='ocrx_word' id='word_1_210' title='bbox 533 3695 685 3760; x_wconf 88' lang='lat' dir='ltr'>librorum</span> <span class='ocrx_word' id='word_1_211' title='bbox 709 3697 891 3776; x_wconf 87' lang='lat' dir='ltr'>Aristotelis</span> <span class='ocrx_word' id='word_1_212' title='bbox 914 3718 977 3763; x_wconf 92' lang='lat' dir='ltr'>nou</span> <span class='ocrx_word' id='word_1_213' title='bbox 1000 3698 1062 3764; x_wconf 93' lang='lat' dir='ltr'>nisi</span> <span class='ocrx_word' id='word_1_214' title='bbox 1085 3705 1220 3781; x_wconf 81' lang='lat' dir='ltr'>tangere</span> <span class='ocrx_word' id='word_1_215' title='bbox 1243 3702 1349 3768; x_wconf 90' lang='lat' dir='ltr'>velim.</span> <span class='ocrx_word' id='word_1_216' title='bbox 1445 3730 1447 3735; x_wconf 60' lang='grc'>’</span> <span class='ocrx_word' id='word_1_217' title='bbox 1500 3748 1503 3757; x_wconf 80' lang='lat'><em>.</em></span> 
     </span>
    </p>
   </div>
   <div class='ocr_carea' id='block_1_4' title="bbox 182 3792 1405 4644">
    <p class='ocr_par' dir='ltr' id='par_1_6' title="bbox 182 3792 1405 4644">
     <span class='ocr_line' id='line_1_31' title="bbox 182 3792 1349 3895; baseline 0.004 -25"><span class='ocrx_word' id='word_1_218' title='bbox 182 3805 235 3870; x_wconf 91' lang='lat' dir='ltr'>Ad</span> <span class='ocrx_word' id='word_1_219' title='bbox 258 3806 342 3869; x_wconf 91' lang='lat' dir='ltr'>hanc</span> <span class='ocrx_word' id='word_1_220' title='bbox 364 3804 462 3886; x_wconf 83' lang='lat' dir='ltr'>igitur</span> <span class='ocrx_word' id='word_1_221' title='bbox 484 3801 738 3866; x_wconf 87' lang='lat' dir='ltr'>Alexandrinam</span> <span class='ocrx_word' id='word_1_222' title='bbox 771 3792 945 3868; x_wconf 88' lang='lat' dir='ltr'>editionem</span> <span class='ocrx_word' id='word_1_223' title='bbox 979 3805 1113 3870; x_wconf 86' lang='lat' dir='ltr'>redeunt</span> <span class='ocrx_word' id='word_1_224' title='bbox 1145 3809 1349 3895; x_wconf 86' lang='lat' dir='ltr'>posteriores,</span> 
     </span>
     <span class='ocr_line' id='line_1_32' title="bbox 182 3909 1349 4001; baseline 0.005 -25"><span class='ocrx_word' id='word_1_225' title='bbox 182 3913 238 3995; x_wconf 91' lang='lat' dir='ltr'>qui</span> <span class='ocrx_word' id='word_1_226' title='bbox 261 3918 480 3994; x_wconf 88' lang='lat' dir='ltr'>excusserunt,</span> <span class='ocrx_word' id='word_1_227' title='bbox 505 3909 687 3993; x_wconf 87' lang='lat' dir='ltr'>scriptores,</span> <span class='ocrx_word' id='word_1_228' title='bbox 712 3910 1024 3997; x_wconf 82' lang='lat' dir='ltr'>paradoxographos</span> <span class='ocrx_word' id='word_1_229' title='bbox 1042 3912 1124 3996; x_wconf 91' lang='lat' dir='ltr'>dico,</span> <span class='ocrx_word' id='word_1_230' title='bbox 1148 3915 1349 4001; x_wconf 84' lang='lat' dir='ltr'>scholiastae,</span> 
     </span>
     <span class='ocr_line' id='line_1_33' title="bbox 182 4014 1351 4104; baseline 0.003 -19"><span class='ocrx_word' id='word_1_231' title='bbox 182 4019 273 4085; x_wconf 80' lang='lat' dir='ltr'>alios,</span> <span class='ocrx_word' id='word_1_232' title='bbox 319 4015 400 4081; x_wconf 92' lang='lat' dir='ltr'>Inde</span> <span class='ocrx_word' id='word_1_233' title='bbox 432 4015 473 4080; x_wconf 93' lang='lat' dir='ltr'>ab</span> <span class='ocrx_word' id='word_1_234' title='bbox 497 4014 723 4100; x_wconf 87' lang='lat' dir='ltr'>Aristophanis</span> <span class='ocrx_word' id='word_1_235' title='bbox 756 4024 864 4082; x_wconf 86' lang='lat' dir='ltr'>aetate</span> <span class='ocrx_word' id='word_1_236' title='bbox 897 4017 1114 4104; x_wconf 88' lang='lat' dir='ltr'>Theophrasti</span> <span class='ocrx_word' id='word_1_237' title='bbox 1146 4020 1218 4085; x_wconf 93' lang='lat' dir='ltr'>libri</span> <span class='ocrx_word' id='word_1_238' title='bbox 1251 4025 1351 4089; x_wconf 88' lang='lat' dir='ltr'>semel</span> 
     </span>
     <span class='ocr_line' id='line_1_34' title="bbox 182 4122 1351 4208; baseline 0.004 -17"><span class='ocrx_word' id='word_1_239' title='bbox 182 4134 281 4208; x_wconf 91' lang='lat' dir='ltr'>atquc</span> <span class='ocrx_word' id='word_1_240' title='bbox 305 4124 417 4189; x_wconf 88' lang='lat' dir='ltr'>iterum</span> <span class='ocrx_word' id='word_1_241' title='bbox 441 4122 618 4204; x_wconf 88' lang='lat' dir='ltr'>retractati,</span> <span class='ocrx_word' id='word_1_242' title='bbox 644 4122 905 4189; x_wconf 83' lang='lat' dir='ltr'>adnotationibus</span> <span class='ocrx_word' id='word_1_243' title='bbox 936 4132 967 4190; x_wconf 90' lang='grc'>01</span> <span class='ocrx_word' id='word_1_244' title='bbox 998 4125 1127 4192; x_wconf 90' lang='lat' dir='ltr'>scholiis</span> <span class='ocrx_word' id='word_1_245' title='bbox 1160 4130 1247 4193; x_wconf 89' lang='lat' dir='ltr'>aucti</span> <span class='ocrx_word' id='word_1_246' title='bbox 1280 4150 1351 4196; x_wconf 91' lang='lat' dir='ltr'>esse</span> 
     </span>
     <span class='ocr_line' id='line_1_35' title="bbox 182 4229 1388 4321; baseline 0.004 -22"><span class='ocrx_word' id='word_1_247' title='bbox 182 4229 341 4314; x_wconf 78' lang='lat' dir='ltr'>videniur,</span> <span class='ocrx_word' id='word_1_248' title='bbox 376 4230 496 4293; x_wconf 88' lang='lat' dir='ltr'>multae</span> <span class='ocrx_word' id='word_1_249' title='bbox 534 4234 630 4293; x_wconf 92' lang='lat' dir='ltr'>notae</span> <span class='ocrx_word' id='word_1_250' title='bbox 668 4229 758 4294; x_wconf 90' lang='lat' dir='ltr'>initio</span> <span class='ocrx_word' id='word_1_251' title='bbox 796 4231 828 4294; x_wconf 93' lang='grc'>111</span> <span class='ocrx_word' id='word_1_252' title='bbox 867 4232 1013 4313; x_wconf 81' lang='lat' dir='ltr'>margine</span> <span class='ocrx_word' id='word_1_253' title='bbox 1050 4233 1187 4299; x_wconf 88' lang='lat' dir='ltr'>fortasse</span> <span class='ocrx_word' id='word_1_254' title='bbox 1225 4237 1351 4321; x_wconf 90' lang='lat' dir='ltr'>positae</span> <span class='ocrx_word' id='word_1_255' title='bbox 1386 4312 1388 4321; x_wconf 31' lang='lat'><strong>¹</strong></span> 
     </span>
     <span class='ocr_line' id='line_1_36' title="bbox 182 4334 1382 4426; baseline -0.003 -20"><span class='ocrx_word' id='word_1_256' title='bbox 182 4347 297 4426; x_wconf 90' lang='lat' dir='ltr'>postca</span> <span class='ocrx_word' id='word_1_257' title='bbox 319 4337 352 4402; x_wconf 94' lang='lat' dir='ltr'>in</span> <span class='ocrx_word' id='word_1_258' title='bbox 375 4336 480 4420; x_wconf 94' lang='lat' dir='ltr'>ipsum</span> <span class='ocrx_word' id='word_1_259' title='bbox 503 4341 625 4398; x_wconf 87' lang='lat' dir='ltr'>textum</span> <span class='ocrx_word' id='word_1_260' title='bbox 644 4334 860 4422; x_wconf 89' lang='lat' dir='ltr'>Theophrasti</span> <span class='ocrx_word' id='word_1_261' title='bbox 883 4337 1053 4405; x_wconf 91' lang='lat' dir='ltr'>irruerunt.</span> <span class='ocrx_word' id='word_1_262' title='bbox 1090 4342 1229 4406; x_wconf 88' lang='lat' dir='ltr'>Textum</span> <span class='ocrx_word' id='word_1_263' title='bbox 1254 4364 1351 4426; x_wconf 83' lang='lat' dir='ltr'>quen·</span> <span class='ocrx_word' id='word_1_264' title='bbox 1380 4390 1382 4403; x_wconf 90' lang='lat'><em>.</em></span> 
     </span>
     <span class='ocr_line' id='line_1_37' title="bbox 183 4428 1405 4538; baseline 0.007 -28"><span class='ocrx_word' id='word_1_265' title='bbox 183 4446 258 4538; x_wconf 91' lang='lat' dir='ltr'>dam</span> <span class='ocrx_word' id='word_1_266' title='bbox 283 4445 330 4511; x_wconf 90' lang='lat' dir='ltr'>sic</span> <span class='ocrx_word' id='word_1_267' title='bbox 354 4441 587 4508; x_wconf 79' lang='lat' dir='ltr'>conformat-um</span> <span class='ocrx_word' id='word_1_268' title='bbox 611 4440 763 4509; x_wconf 83' lang='lat' dir='ltr'>exhibent</span> <span class='ocrx_word' id='word_1_269' title='bbox 792 4450 922 4510; x_wconf 91' lang='lat' dir='ltr'>nostrae</span> <span class='ocrx_word' id='word_1_270' title='bbox 956 4446 1104 4512; x_wconf 88' lang='lat' dir='ltr'>codicum</span> <span class='ocrx_word' id='word_1_271' title='bbox 1137 4451 1350 4519; x_wconf 90' lang='lat' dir='ltr'>recensiones.</span> <span class='ocrx_word' id='word_1_272' title='bbox 1397 4428 1405 4446; x_wconf 52' lang='lat'><strong><em>¹</em></strong></span> 
     </span>
     <span class='ocr_line' id='line_1_38' title="bbox 182 4551 1351 4644; baseline 0.004 -24"><span class='ocrx_word' id='word_1_273' title='bbox 182 4555 296 4635; x_wconf 87' lang='lat' dir='ltr'>Neque</span> <span class='ocrx_word' id='word_1_274' title='bbox 321 4571 396 4616; x_wconf 83' lang='lat' dir='ltr'>vcro</span> <span class='ocrx_word' id='word_1_275' title='bbox 420 4551 544 4616; x_wconf 88' lang='lat' dir='ltr'>salvam</span> <span class='ocrx_word' id='word_1_276' title='bbox 568 4557 665 4631; x_wconf 87' lang='lat' dir='ltr'>atquc</span> <span class='ocrx_word' id='word_1_277' title='bbox 688 4551 848 4634; x_wconf 84' lang='lat' dir='ltr'>integram</span> <span class='ocrx_word' id='word_1_278' title='bbox 871 4553 940 4638; x_wconf 90' lang='lat' dir='ltr'>ipse</span> <span class='ocrx_word' id='word_1_279' title='bbox 964 4555 1172 4644; x_wconf 88' lang='lat' dir='ltr'>archetypus,</span> <span class='ocrx_word' id='word_1_280' title='bbox 1196 4559 1240 4624; x_wconf 90' lang='lat' dir='ltr'>ad</span> <span class='ocrx_word' id='word_1_281' title='bbox 1256 4579 1351 4643; x_wconf 88' lang='lat' dir='ltr'>quem</span> 
     </span>
    </p>
   </div>
   <div class='ocr_carea' id='block_1_5' title="bbox 0 0 1717 5342">
    <p class='ocr_par' dir='ltr' id='par_1_7' title="bbox 0 0 1717 5342">
     <span class='ocr_line' id='line_1_39' title="bbox 0 0 1717 5342; baseline 0 0"><span class='ocrx_word' id='word_1_282' title='bbox 0 0 1717 5342; x_wconf 95' lang='lat' dir='ltr'> </span> 
     </span>
    </p>
   </div>
  </div>
 </body>
</html>
