3409 5342
1641 449 2077 528 ᾅ46-ό

694 665 965 743 utraque
1034 663 1255 724 nostra
1323 657 1619 724 codicum
1687 656 1977 724 recensio
2046 656 2234 742 redit,
2304 656 2738 743 Theophrasti
2814 672 3019 722 rerum

696 765 1160 851 expositionem
1208 764 1575 849 exhibebat,
1640 765 1833 830 immo
1904 784 2047 830 cum
2111 764 2280 830 notis
2350 771 2414 829 et
2477 763 2870 848 argumentis
2935 765 3024 848 (in

692 872 982 956 margine
1027 871 1327 957 fortasse)
1376 877 1634 936 auctam
1697 870 2056 953 iterumque
2120 878 2584 956 pertractatam
2649 878 3021 939 correctam.

690 980 941 1046 Scimus
989 985 1053 1043 et
1098 985 1244 1064 post
1288 977 1787 1062 Aristophanem
1817 978 2202 1062 Byzantium
2233 979 2671 1045 Alexandriae
2703 1001 3020 1062 gramma—

690 1089 853 1153 ticos
899 1106 1199 1169 magnam
1244 1086 1305 1149 in
1356 1083 1670 1150 botanicis
1734 1083 1913 1150 libris
1972 1085 2349 1152 {actitandis
2408 1106 2673 1172 operam
2733 1106 3021 1153 navasse.

694 1195 770 1262 E.
836 1215 901 1278 g.
966 1192 1458 1277 grammaticum
1523 1192 1846 1275 quendam
1911 1193 2166 1258 infimae
2231 1194 2711 1260 Alexandrinae
2775 1194 3022 1275 aetatiS‚

667 1302 1033 1386 =aequalem
1080 1300 1227 1366 dico
1273 1299 1561 1384 Didymi,
1596 1300 2014 1384 Tryphonem
2043 1300 2372 1367 nominare
2403 1302 2614 1386 velim,
2655 1301 2836 1368 cuius
2867 1321 3023 1387 opus

697 1392 919 1490 ‹pu-nim
966 1408 1216 1486 ἱστορία
1245 1406 1619 1492 inscriptum
1652 1406 1824 1491 Ath.‚
1865 1408 1964 1472 III
1995 1428 2060 1493 p.
2098 1408 2179 1474 78
2213 1429 2255 1473 a
2286 1415 2350 1474 et
2382 1408 2526 1474 aliis
2557 1409 2714 1475 locis
2746 1409 2931 1474 affert
2956 1409 3023 1494 ¹).

697 1517 839 1581 Hac
886 1515 1083 1599 igitur
1129 1521 1345 1580 aetate
1376 1514 1540 1600 (scil.
1571 1522 1720 1580 ante
1753 1514 2049 1599 Plinium,
2099 1535 2288 1598 quem
2327 1515 2456 1581 iam
2488 1522 2679 1583 notae
2711 1517 3025 1600 quaedam

696 1623 762 1688 in
809 1621 1098 1706 margine
1147 1621 1533 1706 exemplaris
1580 1620 1666 1686 ad
1714 1621 1984 1686 alterum
2032 1641 2194 1707 opus
2237 1622 2722 1707 phytologicum
2771 1622 3026 1688 duxisse

697 1728 1014 1812 videntur,
1062 1748 1145 1792 ex
1192 1747 1318 1811 quo
1366 1727 1631 1793 notitiae
1679 1726 2153 1812 Theophrastei
2199 1729 2587 1814 exemplaris
2647 1730 2713 1794 in
2759 1738 3024 1812 utraque

699 1835 993 1900 codicum
1036 1834 1407 1900 recensione
1445 1840 1776 1900 correctae
1813 1854 1955 1900 esse
1980 1834 2304 1923 videntur)
2344 1856 2506 1922 opus
2539 1843 2636 1903 est
2664 1837 3026 1921 grammati·

699 1963 843 2008 cum
869 1942 1189 2025 quendam
1205 1947 1637 2026 pertractasse
1660 1941 1859 2008 libros
1884 1941 2336 2027 phytologicos
2358 1943 2791 2029 Theophrasti
2812 1963 3027 2010 secun·

627 2085 629 2089 ·
699 2050 853 2114 dum
878 2050 1115 2114 alteras
1140 2048 1400 2114 notitias
1425 2047 1762 2113 botanicas
1796 2047 2170 2133 desumptas
2203 2069 2239 2114 e
2269 2049 2433 2115 libro
2459 2049 2894 2135 phytologico‚
2925 2050 3026 2132 qui

700 2156 786 2221 ad
833 2155 1213 2242 Apollodori
1263 2155 1645 2241 (Nicandri),
1704 2155 2108 2222 Dioscoridis
2154 2156 2352 2223 libros
2396 2157 2710 2223 accedere
2757 2158 3026 2223 videtur.

913 2265 1183 2329 Praesto
1232 2268 1329 2327 est
1376 2262 1560 2342 nobis
1607 2262 1850 2348 duplex
1898 2263 2195 2329 codicum
2241 2265 2526 2330 recensio
2575 2264 2662 2330 ad
2699 2265 3027 2349 parvulam

700 2378 950 2456 partem
997 2370 1145 2435 libri
1190 2368 1361 2450 noni,
1409 2369 1505 2434 U*
1553 2369 1656 2433 M*
1706 2371 1813 2456 (Ρ)
1862 2368 2008 2435 dico
2057 2378 2120 2436 et
2167 2371 2227 2436 U
2273 2371 2338 2435 M
2370 2373 2493 2458 (Ρ),
2587 2372 2869 2437 Probare
2915 2370 3031 2435 visi

698 2488 949 2544 sumus‘
986 2477 1283 2541 codicum
1347 2476 1443 2541 U*
1511 2476 1615 2540 M*
1680 2477 2117 2543 recensionem
2193 2479 2486 2563 proxime
2560 2479 2874 2544 accedere
2945 2477 3030 2541 ad

700 2584 1101 2669 scriptorum,
1150 2603 1296 2648 cum
1344 2583 1640 2649 codicum
1686 2584 1747 2649 U
1794 2585 1859 2648 M
1907 2585 2016 2671 (P)
2063 2585 2273 2668 magis
2322 2586 2666 2671 discrepet.
2757 2586 2858 2651 Ex
2906 2605 3027 2648 uno

701 2691 1055 2773 eodemque
1126 2690 1483 2773 exemplari
1551 2709 1694 2753 cum
1765 2690 1955 2756 ambo
2027 2683 2426 2757 derivandae
2489 2691 2635 2776 sint,
2705 2691 2842 2756 fieri
2905 2710 3028 2755 non

701 2804 933 2883 potest,
982 2795 1135 2878 quin
1181 2795 1463 2861 vicissim
1510 2802 1784 2885 utraque
1813 2816 2033 2862 veram
2072 2796 2377 2863 exhibeat
2408 2798 2765 2864 lectionem.
2831 2797 3031 2861 Multa

598 2988 600 2990 ,
701 2903 898 2986 igitur
945 2908 1254 2986 excerpta
1300 2900 1698 2986 scriptorum,
1748 2904 2096 2988 praecipue
2129 2899 2318 2969 Plixiii
2366 2924 2511 2970 cum
2559 2904 2743 2970 nobis
2774 2910 3027 2989 praesto

703 3010 828 3075 sint
844 3011 912 3095 ²),
957 3010 1011 3075 si
1057 3008 1248 3074 modo
1298 3008 1541 3092 duplex
1588 3008 1674 3073 ad
1722 3015 1927 3073 totum
1973 3009 2531 3095 Theophrasteum
2579 3030 2742 3096 opus
2804 3029 3031 3094 suppe-

704 3117 942 3182 ditaret
987 3115 1273 3181 recensio
1322 3114 1635 3200 codicum,
1685 3116 1988 3182 facillime
2035 3116 2481 3183 emendatione
2536 3125 2781 3183 rectam
2841 3124 3031 3199 atque

575 3227 591 3235 ”
642 3309 656 3335 Ι
703 3243 920 3289 veram
986 3222 1420 3306 Theophrasti
1485 3242 1695 3287 rerum
1766 3223 2231 3308 expositionem
2297 3224 2338 3290 i.
2407 3244 2462 3291 e.
2529 3225 3030 3290 Alexandrinam

699 3330 1048 3417 ‘editionem
1118 3329 1455 3395 restituere
1523 3349 1876 3413 possemus.
1991 3331 2178 3398 Nunc
2235 3351 2387 3396 vero
2453 3352 2650 3417 saepe
2719 3333 2786 3396 in
2852 3337 3031 3395 textu

693 3412 1164 3521 “conformando
1212 3435 1275 3500 in
1322 3435 1625 3518 ambiguo
1672 3436 2157 3519 relinquendum
2214 3446 2330 3522 est,
2387 3458 2537 3503 num
2577 3459 2795 3504 veram
2827 3438 3030 3502 Theo-

706 3544 955 3630 phrasti
1016 3542 1481 3628 expositionem
1516 3632 1520 3636 ‚
1550 3543 1859 3608 intactam
1923 3564 2051 3609 una
2114 3544 2402 3636 recensio
2470 3545 2766 3611 codicum
2811 3545 2870 3610 U
2894 3544 2958 3607 M
2977 3544 3029 3608 P

706 3652 1027 3736 exhibeat,
1077 3649 1368 3733 quamvis
1415 3670 1795 3734 persuasum
1842 3651 2119 3717 habeam
2166 3652 2293 3716 iam
2348 3672 2517 3716 nunc
2574 3652 2781 3718 unicis
2836 3653 3031 3736 scrip-

714 3772 913 3824 turum
958 3764 1246 3823 veterum
1294 3756 1535 3840 eclogis
1582 3776 1618 3821 e
1663 3757 1844 3822 libris
1874 3756 1955 3821 de
1986 3759 2224 3842 plantis
2265 3759 2699 3845 Theophrasti
2729 3758 3034 3824 adhibitis

714 3868 911 3932 multa
973 3862 1223 3948 adhuc,
1271 3883 1440 3946 quae
1509 3863 1573 3928 in
1645 3863 2032 3930 editionibus
2111 3873 2414 3950 corrupta
2482 3867 2587 3932 vel
2646 3865 3034 3951 interpolata

710 3979 1029 4056 unificant,
1079 3969 1407 4036 emendari
1453 3967 1534 4035 ac
1581 3971 1796 4036 sanari
1843 3991 2054 4056 posse.

919 4117 964 4188 1)
1004 4118 1077 4171 cf,
1117 4118 1294 4186 frgm.
1350 4115 1689 4186 Tryphonis
1749 4115 1880 4172 coll.
1919 4115 2157 4185 Velsen‚
2214 4131 2247 4171 e
2285 4118 2488 4187 parvis
2542 4120 2901 4188 fragmentis
2959 4118 3034 4171 de

710 4214 933 4264 Quare
971 4202 1032 4252 et
1069 4196 1445 4267 argumentis
1484 4197 1663 4250 huius
1700 4195 1838 4248 libri
1864 4195 2118 4253 ,difficite
2155 4196 2412 4250 iudicari
2448 4201 2665 4268 potest.

917 4288 965 4355 2)
1007 4284 1365 4340 (lautissime
1411 4299 1554 4338 vero
1602 4284 1972 4338 Dioscoridis
2023 4285 2207 4338 libros
2263 4285 2341 4338 ad
2384 4286 2880 4358 ,emendationem
2936 4287 3038 4340 ad-

714 4369 997 4424 hibendos
1054 4382 1211 4434 esse,
1276 4366 1437 4434 quod
1494 4367 1842 4436 saepissime
1899 4365 1975 4417 ab
2032 4365 2463 4435 interpretibus
2521 4368 2647 4420 sive
2704 4366 3039 4420 editoribus

714 4456 935 4504 muium
976 4453 1083 4516 est,
1121 4462 1257 4501 cum
1285 4447 1538 4500 alteram
1566 4459 1822 4513 eamque
1848 4445 2149 4519 diyersam
2176 4446 2559 4500 traditionem
2586 4447 3039 4516 phytologicam

710 4532 1049 4596 ffihiheant,
1087 4543 1119 4581 e
1158 4531 1365 4581 nostra
1406 4525 1647 4594 quidem
1688 4525 2098 4594 disputatione
2138 4527 2394 4594 quisque
2433 4527 2693 4596 colliget.
