3409 5342
1708 475 2143 540 —54-

760 688 982 733 varum
1046 669 1381 753 longitudo
1447 677 1545 736 est
1609 670 1870 737 schoeni
1933 671 2096 753 XX,
2176 670 2448 736 latitudo
2528 670 2860 735 dimidium
2927 670 3093 737 eius:

763 775 1077 841 schoenus
1135 783 1317 861 patet
1359 777 1806 844 Eratosthenis
1867 777 2114 843 ratione
2170 778 2317 862 XL,
2382 776 2503 843 hoc
2561 783 2659 842 est
2718 798 2892 862 pass
2942 777 3092 861 VM;

760 882 960 964 aliqui
991 882 1253 948 XXXII
1300 883 1514 949 stadia
1558 883 1829 969 singulis
1873 884 2169 951 schoenis
2214 884 2496 951 dedere‘.
2563 885 2781 950 Silvae
2813 883 3096 949 indicant

761 1095 1093 1179 Siquidem
1116 1098 1316 1164 verba
1338 1097 1783 1166 Eratosthenis
1808 1099 1984 1184 apud
2009 1099 2390 1164 Strabonem
2425 1099 2624 1163 citata
2656 1120 2696 1163 a
2720 1098 3096 1183 Sprengelio

759 1203 802 1269 l.
850 1203 893 1269 l.
942 1203 1325 1270 conferimus
1372 1224 1518 1269 cum
1563 1206 1833 1290 nostris,
1894 1206 2250 1271 invenimus
2309 1205 2378 1270 id
2426 1207 2635 1291 ipsum
2689 1205 2754 1269 in
2802 1205 2928 1270 illis
2973 1225 3095 1269 non

765 1329 933 1394 esse,
999 1309 1173 1392 quod
1242 1311 1360 1376 sub
1424 1311 1871 1378 Eratosthenis
1936 1313 2189 1378 nomine
2254 1312 2500 1377 Plinius
2567 1312 2772 1378 affert.
2885 1312 3096 1391 Quare

671 1445 675 1449 ·
766 1418 1090 1503 equidem,
1140 1418 1459 1501 quomodo
1507 1420 1750 1486 Plinius
1811 1420 1892 1485 ad
1942 1419 2387 1487 Eratosthenis
2448 1421 2644 1486 libros
2705 1419 2937 1485 ductus
2995 1419 3092 1500 sit,

763 1525 856 1590 ita
915 1525 1243 1611 explicare
1301 1526 1545 1608 malim,
1608 1534 1678 1592 ut
1739 1547 1984 1593 sumam
2044 1533 2197 1593 nota
2257 1526 2540 1610 quadam
2600 1526 2898 1593 editionis
2952 1527 3094 1590 illae

765 1633 1320 1718 Theophrasteae,
1370 1654 1562 1717 quam
1610 1634 2050 1700 Alexandriae
2097 1636 2162 1699 in
2209 1634 2432 1700 schola
2470 1634 2921 1719 Aristophanis
2975 1635 3094 1718 By-

762 1738 987 1823 zantii,
1049 1739 1252 1824 ipsius
1313 1738 1787 1823 diligentissimi
1841 1740 2288 1806 Eratosthenis
2338 1740 2660 1825 discipuli,
2723 1747 3097 1826 conceptam

766 1866 909 1912 esse
968 1844 1274 1931 diximus,
1339 1847 1770 1931 significatum
1831 1867 1972 1914 esse
2033 1846 2304 1913 eandem
2369 1847 2450 1912 de
2498 1855 2863 1914 mercatura
2907 1847 3096 1913 maris

767 1951 943 2016 rubri
990 1972 1193 2037 nuper
1240 1960 1304 2018 et
1349 1953 1530 2019 libris
1562 1955 2010 2021 Eratosthenis
2058 1955 2521 2040 expositionem
2557 1955 2758 2021 afferi.
2835 1955 2891 2020 E
2923 1955 3096 2019 brevi

764 2058 889 2123 hac
953 2058 1370 2125 adnotatione
1432 2059 1675 2126 Plinius
1739 2067 1874 2125 tum
1938 2061 2148 2146 ipsum
2195 2061 2642 2128 Eratosthenis
2701 2061 2932 2126 librum
2991 2081 3095 2125 ex-

767 2165 994 2250 cussit,
1057 2186 1246 2248 quem
1293 2166 1421 2231 iam
1468 2168 1715 2251 Berger
1761 2168 1802 2234 l.
1850 2169 1893 2232 l.
1941 2190 2005 2253 p.
2059 2170 2184 2233 133
2232 2189 2372 2251 sqq.
2423 2168 2763 2252 diligenter
2811 2190 2852 2233 a
2898 2167 3096 2232 Plinio

768 2272 889 2337 hoe
935 2273 1078 2338 loco
1126 2272 1486 2338 adhibitum
1536 2294 1677 2340 esse
1726 2274 1909 2341 dixit.

977 2382 1295 2445 Perversa
1340 2387 1403 2445 et
1450 2382 1657 2446 altera
1703 2382 2068 2467 Sprengelii
2115 2383 2436 2448 sententia
2482 2383 2637 2447 mihi
2682 2381 2954 2465 videtur,
2993 2383 3097 2463 qui

764 2485 937 2569 quod
1002 2486 1246 2552 Plinius
1308 2487 1592 2553 omiserit
1651 2490 1864 2554 locum
1929 2489 2368 2577 „Kittibaina“
2435 2511 2476 2554 a
2530 2489 2978 2574 Theophrasto
3039 2495 3099 2552 et

763 2594 1191 2659 Eratosthene
1256 2595 1678 2681 nominatum,
1745 2597 1969 2662 tribuit
2033 2596 2308 2682 meliori,
2385 2617 2577 2679 quam
2643 2596 2830 2680 dicit,
2895 2597 2935 2662 J
2940 2596 3098 2661 ubae

764 2700 1114 2784 cognitioni
1162 2701 1442 2786 regionis
1504 2701 1897 2788 descriptae,
1962 2703 2069 2785 qui
2129 2703 2323 2768 facile
2384 2703 2763 2769 sententiam
2827 2703 2907 2768 de
2960 2704 3098 2767 loco

763 2806 1071 2892 quodam,
1121 2827 1311 2890 quam
1364 2816 1619 2898 „notam
1667 2810 2061 2876 obsoletam“
2115 2811 2410 2896 appelat,
2474 2809 2816 2876 emendare
2877 2810 3097 2895 potuit.

764 2911 891 2977 Cur
937 2913 1246 2979 vetustior
1291 2913 1454 2979 haec
1504 2915 1585 2980 de
1624 2915 2060 3002 „Kittibaina‘⁴
2099 2917 2241 2982 vico
2285 2919 2368 2982 sit
2413 2916 2589 2982 haud
2634 2917 2938 2999 intellego
2983 2937 3098 2980 nec

766 3021 905 3105 ipse
948 3021 1269 3107 probavit,
1320 3041 1464 3085 cum
1497 3022 1733 3087 Strabo
1767 3028 1831 3086 et
1864 3023 2272 3088 Ptolemaeus
2307 3022 2414 3107 (cf.
2454 3023 2861 3106 Κοτταβηνοῐ)
2894 3022 3098 3087 vicum

766 3130 1121 3213 nominent,
1186 3149 1345 3211 quos
1406 3129 1849 3214 geographiae
1914 3136 2047 3194 tam
2107 3130 2351 3214 peritos
2413 3138 2607 3213 atque
2668 3130 2900 3196 Jubam
2962 3150 3099 3196 esse

765 3237 1145 3320 putaverim.

978 3342 1218 3410 Nititur
1285 3363 1439 3408 vero
1508 3343 1870 3428 Sprengelii
1937 3343 2288 3428 disputatio
2358 3343 2637 3408 maxime
2706 3363 2916 3408 rerum
2946 3416 2951 3420 Α
2978 3341 3100 3407 dis-

771 3560 1012 3613 omnino
1051 3575 1173 3613 non
1212 3573 1421 3612 amnes
1460 3560 1782 3614 decurrere
1819 3560 1883 3613 in
1921 3559 2121 3629 plana.
2195 3559 2648 3630 Theophrastus
2685 3561 2814 3629 ipse
2852 3559 2962 3612 hoc
3007 3559 3101 3611 ad-

771 3649 1007 3701 notavit
1048 3652 1077 3710 §
1104 3648 1138 3701 8
1175 3648 1283 3714 τὴν
1322 3649 1385 3700 δὲ
1420 3651 1529 3714 γῆν
1567 3648 1877 3715 ὑπάργιλον
1903 3648 1992 3701 καὶ
2017 3650 2292 3716 πλακώδη
2322 3649 2411 3702 καὶ
2438 3651 2621 3702 ὕδατα
2645 3652 2860 3715 πηγαῖα
2887 3649 3100 3701 σπάνια.

768 3738 959 3790 Ταῦτα
998 3738 1099 3801 μὲν
1137 3736 1241 3789 οὖν
1279 3736 1585 3790 ὑπεναντία
1620 3741 1703 3805 τῷ
1753 3737 2018 3804 νίφεσθαι
2067 3738 2158 3791 καὶ
2205 3741 2403 3792 ὕεσθαι
2440 3737 2529 3791 καὶ
2568 3739 2861 3803 ποταμοὺς
2898 3739 3101 3801 ἐξιέναι,

772 3842 909 3880 cum
946 3825 1179 3879 Plinius
1218 3825 1370 3879 duas
1421 3827 1556 3879 illas
1596 3825 2028 3896 descriptiones
2081 3829 2211 3881 sine
2258 3828 2383 3881 ulla
2422 3829 2657 3881 ratione
2708 3827 3100 3881 coniunxerit·

770 3914 885 3969 Sed
924 3916 1144 3968 haereo
1196 3915 1262 3967 in
1300 3913 1700 3984 Theophrasti
1751 3919 1860 3982 γῆν
1911 3916 2220 3981 ὑπάργιλον
2272 3915 2361 3969 καὶ
2413 3917 2739 3981 πλακώδη
2791 3913 2880 3967 καὶ
2927 3916 3102 3967 ὕδατα

771 4005 984 4070 πηγαῖα
1042 4002 1261 4056 σπάνια.
1336 4003 1511 4058 Unde
1564 4003 1799 4058 Plinius
1855 4004 2039 4058 habet
2096 4007 2403 4059 notionem
2457 4002 2776 4073 ,nit1·osis?‘
2832 4003 3099 4067 πλακώδη

778 4093 882 4147 loti
921 4093 1127 4146 sensui
1166 4093 1381 4158 obstat,
1420 4108 1563 4146 nam
1601 4094 1870 4161 loquitur
1909 4093 1984 4148 de
2022 4095 2316 4148 montium
2355 4095 2624 4164 regione,
2661 4108 2784 4147 non
2818 4092 3104 4162 planitiei,

774 4182 935 4250 quod
973 4183 1024 4236 si
1059 4185 1291 4235 rectum
1320 4187 1496 4247 esset,
1538 4197 1688 4252 opus
1716 4186 1849 4236 erat
1874 4183 2041 4236 addi:
2078 4183 2270 4235 Ταῦτα
2307 4182 2612 4235 ὑπεναντία
2646 4181 2844 4249 καὶτῷ
2870 4181 2978 4247 τὴν
3003 4184 3108 4246 γῆν

774 4269 1000 4336 ὼρεινὴν
1039 4269 1191 4322 εἶναι.
1266 4269 1469 4323 Facile
1508 4270 1991 4324 emendationem
2038 4272 2342 4325 invenias:
2388 4271 2496 4337 τὴν
2537 4272 2600 4323 δὲ
2642 4273 2750 4336 γῆν
2799 4269 3109 4335 ὑπάργιλον

774 4359 861 4412 καὶ
916 4356 1354 4430 <ἁ>λ<υ>κώδη
1416 4361 1597 4412 ὕδατα
1647 4362 1862 4426 πηγαῖα
1914 4361 2134 4423 σπάνια,
2184 4362 2463 4432 ἁλυκώδη,
2503 4359 2825 4430 respondet
2876 4373 3111 4428 semper

778 4450 937 4521 npud
994 4449 1477 4520 Theophrastum
1534 4450 1766 4504 notioni
1825 4450 2143 4517 ,nitrosus‘.
2233 4449 2588 4525 Corruptela
2647 4447 2986 4504 ΑΛΥΚΩΔΗ
3052 4450 3113 4506 in

778 4538 1117 4598 ΠΛΑΚΩΔΗ
1158 4539 1335 4597 facile
1375 4539 1729 4613 explicatur.
