3409 5342
1718 436 2159 503 —34-

979 627 1327 716 Discrepat
1401 631 1732 716 paululum
1805 632 2193 699 scholiastae
2267 633 2498 717 ecloga
2558 652 2599 697 a
2658 630 3104 716 Theophrasto

765 745 982 803 nostro
1011 790 1027 823 ‚
1098 737 1203 803 hic
1262 738 1459 803 habet
1506 740 1746 820 ’φύεται
1813 741 2053 819 δμοίως
2116 745 2467 821 πανταχοῦ,
2537 740 2644 804 ille
2703 740 2804 803 καὶ
2862 740 2930 803 ἐν
2975 742 3107 816 τοῖς

764 845 1118 924 πετρώδεσι
1164 846 1386 924 τόποις
1444 847 1752 924 γίνεσθαι,
1815 868 1958 913 cum
2007 868 2132 932 quo
2199 867 2550 932 congruere
2616 845 2870 912 videtur
2917 845 3102 910 Plinii

764 951 1081 1017 sententia
1127 953 1433 1037 ‚nascitur
1480 953 1544 1017 in
1592 954 1782 1020 siccis
1832 955 2343 1041 hipposelinum‘,
2393 956 2500 1038 qui
2549 961 2749 1020 totam
2796 974 3100 1039 paragra-

764 1059 961 1144 phum
1010 1059 1091 1124 de
1137 1059 1237 1126 his
1269 1059 1508 1145 plantis
1544 1061 1630 1126 ad
1671 1062 1935 1128 verbum
1969 1084 2004 1128 e
2036 1063 2486 1148 Theophrasto
2535 1061 2825 1145 sumpsit.
2896 1060 3100 1127 Sensu

764 1185 919 1231 sane
979 1165 1135 1231 nihil
1196 1166 1410 1231 differt
1468 1166 1634 1232 inter
1693 1171 1794 1232 καὶ
1843 1170 1911 1234 ἐν
1955 1170 2312 1249 πετρώδεσι
2359 1170 2579 1247 τόποις
2640 1173 2750 1253 (=
2800 1167 2991 1232 etiam
3038 1168 3099 1230 in

764 1274 954 1340 siccis
999 1273 1181 1358 lociS‚
1228 1273 1352 1340 nisi
1397 1273 1674 1341 fortasse
1725 1277 1824 1340 καὶ
1858 1295 2073 1342 errore
2106 1276 2387 1360 quodam
2430 1277 2735 1341 insertum
2771 1281 2888 1355 est,
2928 1273 3097 1357 quod

763 1380 954 1445 facile
1001 1400 1036 1446 e
1082 1380 1272 1445 Plinii
1319 1381 1534 1448 verbis
1581 1382 1878 1467 colligas)
1928 1391 1993 1449 et
2039 1387 2380 1464 πανταχοῦ,
2429 1391 2644 1448 tamen
2677 1381 2890 1446 verbis
2921 1379 3094 1465 ipsis,

764 1486 1108 1565 Quaeritur
1155 1507 1285 1570 qua
1330 1487 1413 1552 de
1462 1508 1661 1555 causa
1706 1490 1772 1553 in
1805 1490 2041 1555 nostris
2071 1489 2262 1556 codd.
2292 1495 2604 1554 mutatum
2639 1487 2720 1554 sit
2766 1489 2834 1552 ἑν
2864 1486 3095 1566 πετρώ-

766 1599 905 1659 δεσι
963 1596 1186 1673 τόποις
1250 1595 1317 1659 in
1376 1601 1718 1675 πανταχοῦ.
1826 1596 2128 1663 Conferre
2185 1598 2377 1663 velim
2444 1606 2509 1663 et
2572 1596 2842 1661 alteram
2908 1615 3093 1678 quam

762 1703 1006 1769 Plinius
1076 1703 1338 1770 exhibet
1404 1704 1900 1790 descriptionem
1967 1706 2388 1792 hipposelini:
2468 1706 2531 1772 h.
2593 1728 2655 1770 n.
2715 1705 2907 1790 XIX,
2974 1705 3094 1770 163

765 1810 1257 1896 ‚hipposelinum
1303 1817 1555 1877 veteres
1602 1821 2077 1897 praeceperunt
2121 1813 2188 1877 in
2233 1814 2394 1881 locis
2441 1813 2727 1898 incultis,
2789 1811 3094 1896 lapidosis

762 1918 946 1983 iuxta
1005 1918 1350 1984 maceriam
1411 1919 1536 1984 seri
1603 1958 1689 1969 —
1745 1941 1915 1985 nunc
1978 1928 2041 1985 et
2103 1921 2499 2006 repastinato
2570 1922 2802 1986 seritur
2865 1971 2878 1986 .
2931 1970 2944 1984 .
2995 1970 3008 1984 .
3060 1921 3094 1983 .‘

765 2024 941 2093 Nihil
987 2026 1200 2110 refert,
1234 2045 1387 2091 num
1435 2031 1750 2112 ‚veteres‘‚
1801 2047 1960 2110 quos
2005 2029 2289 2093 nominat
2335 2028 2599 2113 Plinius,
2646 2027 2844 2093 fuisse
2890 2025 3094 2089 Theo-

765 2132 1098 2217 phrastum
1128 2133 1547 2218 suspicemur,
1580 2133 1753 2215 quod
1784 2134 2081 2216 equidem
2110 2135 2346 2221 malim,
2388 2135 2690 2217 quoniam
2720 2133 2786 2198 in
2819 2131 3094 2216 descrip÷

765 2239 936 2304 tione
984 2259 1150 2322 quae
1196 2238 1532 2324 praecedit
1578 2240 1718 2324 ipse
1765 2262 1994 2307 nomen
2035 2241 2470 2328 Theophrasti
2514 2241 2802 2326 posuerit
2826 2245 3092 2324 ‚auctor-

765 2366 890 2428 que
954 2353 1052 2412 est
1099 2345 1590 2431 Theophrastus
1644 2368 1863 2413 murra
1926 2355 2071 2414 sata
2123 2355 2367 2414 natum‘
2429 2348 2516 2434 (h.
2566 2348 2654 2434 pl.
2703 2348 2849 2432 VII,
2899 2349 2958 2431 6,
3007 2346 3092 2426 3).

762 2453 1050 2520 Noverat
1096 2454 1293 2538 igitur
1338 2455 1585 2523 Plinius
1632 2463 1922 2522 veterum
1968 2456 2296 2539 quoddam
2342 2461 2760 2540 praeceptum
2808 2454 2893 2540 ‚in
2938 2452 3093 2536 lapi-

763 2558 939 2625 dosis
1000 2560 1158 2628 locis
1219 2582 1433 2629 serere
1492 2564 2010 2650 hipposelinum‘,
2080 2583 2287 2645 neque
2348 2562 2566 2627 differt
2611 2582 2652 2626 a
2711 2559 3093 2627 scholiastae

762 2666 976 2732 verbis
1024 2669 1091 2732 ἑν
1150 2670 1507 2748 πετρώδεσι
1572 2671 1810 2749 τόποις,
1877 2691 1918 2735 a
1977 2668 2167 2734 Plinii
2238 2669 2440 2754 ipsius
2500 2669 2587 2753 ‚in
2647 2667 2836 2733 siccis
2895 2666 3091 2731 locis‘.

761 2772 1035 2838 Addidit
1080 2795 1232 2840 vero
1279 2777 1420 2861 ipse
1451 2778 1697 2843 Plinius
1729 2778 1851 2842 hoc
1883 2782 2302 2862 pracceptum
2331 2797 2459 2841 non
2489 2775 2619 2839 iam
2652 2780 2896 2839 rectum
2928 2790 3091 2837 esse:

762 2899 950 2963 ,nunc
976 2888 1040 2946 et
1062 2883 1459 2967 repastinato
1495 2884 1747 2950 seritur‘
1773 2892 2032 2950 secutus
2056 2884 2329 2948 fortasse
2363 2889 2694 2948 auctorem
2717 2882 3090 2946 Romanum.

761 2987 996 3053 Postea
1041 2989 1237 3072 igitur
1286 3032 1367 3041 —
1418 2990 1538 3056 hoc
1585 3012 1621 3056 e
1666 2991 1858 3056 Plinii
1906 3011 2072 3074 quae
2121 2995 2420 3055 secuntur
2464 2989 2506 3054 l.
2554 2988 2596 3054 1.
2647 2988 2859 3053 verbis
2919 2985 3094 3052 intel-

760 3094 994 3176 legitur
1043 3136 1123 3144 —
1173 3096 1479 3181 inutilem,
1529 3097 1720 3163 immo
1768 3097 2028 3162 noxiam
2077 3096 2548 3181 hipposelinum
2595 3114 2737 3160 essc
2771 3093 3092 3158 dicebant.

759 3200 908 3284 Ipse
956 3202 1442 3288 Theophrastus
1487 3206 1663 3270 nulla
1708 3204 1910 3270 verba
1938 3204 2019 3269 de
2051 3203 2175 3268 hac
2206 3223 2276 3267 re
2307 3202 2481 3286 fecit,
2529 3201 2722 3266 facile
2767 3221 2920 3265 vero
2953 3221 3094 3284 pro-

762 3308 947 3372 batur
991 3313 1314 3389 πανταχοῦ
1359 3311 1648 3385 γίνεσθαι
1703 3309 1840 3375 eius
1885 3309 2087 3394 ipsius
2143 3309 2475 3374 doctrinae
2525 3308 2816 3373 obstare:
2868 3305 3094 3389 quodsi

762 3416 1014 3480 *linerat
1059 3415 1298 3497 ubique
1343 3415 1526 3481 nasci
1571 3415 2065 3501 hipposelinum,
2115 3415 2269 3499 quid
2319 3435 2482 3500 opus
2517 3422 2657 3479 erat
2687 3414 2998 3478 adnotare
3030 3413 3093 3477 in

758 3521 1043 3586 ,Arcadia
1088 3522 1267 3586 nasci
1314 3522 1788 3607 hipposelinum
1834 3521 1897 3589 h.
1946 3524 2033 3607 pl.
2085 3523 2201 3607 IX,
2256 3523 2356 3606 15,
2406 3523 2448 3587 5
2519 3521 2777 3606 (Φύεται
2828 3525 2900 3584 δὲ
2944 3518 3090 3598 παρ’

758 3628 972 3707 αὐτοῖς
1002 3679 1015 3692 .
1051 3679 1064 3692 .
1098 3678 1157 3691 ..
1206 3630 1306 3693 καὶ
1353 3630 1427 3693 τὸ
1477 3629 1902 3705 ἱπποσέλινον,
1954 3628 2138 3711 quasi
2186 3649 2336 3694 rara
2381 3629 2607 3713 planta
2651 3627 2742 3692 ibi
2789 3627 3089 3711 ponitur).

762 3736 1001 3800 Plinius
1029 3756 1263 3800 novam
1285 3735 1578 3800 notitiam
1612 3735 1693 3800 de
1725 3735 1869 3801 loco
1906 3735 2295 3822 hipposelini
2328 3735 2600 3819 sumpsit
2637 3755 2672 3798 e
2705 3734 2949 3801 Colum.
2976 3735 3090 3817 XI,

758 3844 814 3924 ὃ,
866 3841 952 3906 36
998 3841 1430 3926 ,ἱπποσέλινον
1464 3893 1478 3908 .
1532 3894 1545 3908 .
1597 3894 1612 3908 .
1664 3895 1677 3910 .
1731 3843 2054 3927 pastinato
2101 3842 2245 3907 loco
2294 3842 2534 3907 semine
2583 3841 2775 3905 debet
2823 3840 3090 3922 conseri,

758 3949 1032 4013 maxime
1078 3948 1273 4035 iuxta·
1307 3949 1677 4014 maceriam‘
1715 4002 1728 4016 .
1781 4002 1795 4016 .
1848 4001 1862 4016 .
1915 3999 1930 4014 .
1979 3949 2235 4015 addidit
2283 3949 2478 4014 etiam
2527 3949 2813 4015 eiusdem
2861 3948 3091 4034 capitis

758 4064 794 4136 ξ
830 4057 913 4120 54
946 4061 1010 4120 et
1040 4056 1149 4141 55,
1198 4056 1262 4121 in
1295 4056 1690 4122 Columellae
1738 4056 1952 4123 verbis
1996 4078 2122 4121 non
2155 4056 2563 4121 nominantur
2595 4056 2739 4139 ‚loci
2766 4055 3089 4140 lapidosi‘‚

756 4184 946 4244 quam
991 4163 1285 4228 notitiam
1332 4184 1367 4229 e
1415 4164 1866 4248 Theophrasto
1915 4164 2131 4229 habet.
2224 4162 2604 4247 Adsumpsit
2652 4163 2850 4227 etiam
2898 4163 3090 4227 alium

754 4278 1109 4337 auctorem:
1159 4292 1309 4335 nam
1355 4291 1563 4353 neque
1611 4271 1788 4356 apud
1837 4271 2255 4336 Columellam
2316 4290 2523 4351 neque
2573 4269 3093 4354 Theophrastum

754 4383 1090 4442 ncrurrunt
1158 4377 1284 4442 loci
1353 4378 1611 4461 inculti,
1704 4397 1864 4460 quos
1951 4377 2210 4442 exhibet
2286 4376 2703 4442 Dioscorides
2772 4377 2901 4461 ΙΙΙ,
2976 4378 3092 4443 72:

750 4483 1062 4563 Σμύρνιον
1129 4483 1327 4567 (quod
1390 4485 1518 4568 ΙΙΙ,
1590 4486 1662 4549 71
1743 4484 1915 4548 idem
1981 4505 2120 4548 csse
2179 4491 2372 4564 atquc
2442 4482 2850 4547 ἱπποσέλινον
2899 4481 3093 4550 dixit:
