3409 5342
831 513 1049 579 ,60-

356 705 446 770 libris
475 705 598 771 iudicat
629 706 745 770 librum
778 708 937 789 quendam
969 708 1009 772 de
1040 709 1221 791 ungnentis.
1269 707 1406 791 Quodsi,
1438 705 1527 788 qnod

355 831 485 877 mouere
503 812 610 896 liceat,
635 814 795 880 nonnullis
810 815 908 881 rebus
926 814 1160 899 expositionem
1179 822 1413 897 ungnentorum
1429 813 1526 878 Plinii

356 935 534 999 congruere
564 918 709 984 videmus
740 940 812 985 cum
835 921 1052 1006 Theophrasti
1084 921 1272 1004 fragmentis
1301 922 1372 999 περὶ
1402 920 1524 997 ὀσμῶν,

355 1025 401 1086 116
420 1023 659 1108 explicaverim,
690 1026 813 1091 utiam
836 1027 1069 1113 Apollodorum
1093 1027 1154 1092 hoc
1177 1026 1394 1111 Theophrasti
1416 1026 1525 1091 libello

355 1149 448 1194 usum
467 1150 538 1196 6666
557 1132 607 1196 rel
632 1153 650 1197 6
674 1133 833 1197 communi
856 1141 954 1217 atque
978 1133 1238 1219 Theophrastum
1266 1134 1363 1198 16616·
1377 1132 1524 1198 hausisse

355 1236 509 1320 suspicer,
547 1239 727 1304 Romanum
751 1261 827 1306 vero
851 1249 1015 1306 auctorem
1040 1242 1081 1307 de
1105 1241 1256 1307 odoribus
1281 1241 1331 1305 vel
1354 1242 1525 1323 unguentis

252 1394 254 1397 .
354 1342 442 1428 apud
466 1344 602 1409 Plinium
626 1345 797 1428 designare
821 1367 1013 1430 quemquam
1037 1349 1069 1412 16
1093 1348 1228 1414 diversis
1253 1347 1432 1412 nominibus
1449 1365 1523 1411 anc-

355 1458 458 1515 torum
481 1451 642 1520 iudicihus
666 1454 773 1520 allatis
796 1455 980 1521 Mucianum
1005 1457 1056 1522 vel
1080 1455 1261 1521 Fabianum
1284 1456 1336 1519 vel
1359 1455 1523 1540 Hyginum

356 1559 406 1622 vel
431 1560 574 1643 Trogum
598 1562 770 1627 nonlicet.
801 1565 918 1629 'Immo
943 1565 1134 1630 sententiam
1159 1563 1332 1629 defendere
1347 1563 1444 1628 velim
1459 1583 1524 1626 om-

355 1665 429 1730 uino
441 1666 562 1731 nullum
575 1667 763 1753 scriptorem
778 1669 811 1734 iu
827 1672 940 1755 pretiis
960 1670 1149 1735 definiendis
1169 1670 1307 1734 Plinium
1324 1668 1522 1735 adhibuisse:

355 1772 470 1854 quodsi
502 1775 691 1858 respicimus
721 1797 813 1843 usum
847 1786 1084 1861 unguentorum
1113 1780 1237 1844 Romae
1267 1778 1396 1842 ineunte
1426 1796 1524 1858 quam

355 1878 466 1944 dicunt
504 1880 684 1967 principum
726 1892 835 1950 aetate
873 1885 927 1970 ((16
958 1885 1129 1967 unguentis
1162 1893 1194 1949 et
1226 1885 1445 1968 unguentariis
1481 1884 1523 1950 cf.

355 1985 490 2072 Becker,
514 1987 626 2054 Gallus
650 1991 697 2056 Ill
719 2012 751 2074 p.
773 1992 969 2075 114-120),
994 1990 1089 2056 facile
1112 1996 1145 2055 et
1167 1988 1306 2054 Plinium
1330 1989 1441 2054 horum
1456 1996 1525 2054 tam

355 2093 492 2177 peritum
523 2095 622 2161 161666
652 2098 868 2181 suspicemur,
900 2105 935 2162 61
965 2097 1006 2162 (16
1035 2118 1093 2163 666
1124 2099 1224 2163 multa
1254 2117 1294 2161 ex
1317 2096 1435 2162 sorensi
1463 2116 1524 2161 666

355 2198 478 2265 addere
501 2204 613 2286 possit.
647 2204 762 2286 Itaque
785 2223 917 2288 prorsus
941 2205 1062 2268 nullum
1079 2206 1267 2289 scriptorem
1283 2209 1412 2287 praeter
1434 2201 1524 2267 illum

354 2306 522 2372 laudatum
555 2309 595 2373 de
619 2312 791 2393 unguentis
814 2310 957 2375 libellum
980 2331 1100 2393 graece
1123 2311 1277 2396 scriptum
1305 2310 1524 2394 adsumpsisse

354 2433 427 2478 eum
451 2415 688 2482 contenderim:
713 2416 852 2482 indicem
876 2438 952 2482 vero
976 2425 1211 2501 unguentorum
1234 2417 1345 2502 pretiis
1368 2417 1401 2480 in
1424 2415 1524 2481 libras

354 2521 520 2587 adnotatis
536 2523 577 2587 ab
594 2527 808 2605 unguentario
825 2545 953 2607 quoque
968 2525 1102 2608 ignobili
1117 2526 1178 2590 sibi
1193 2543 1368 2609 procurare
1384 2530 1522 2608 poterat.

354 2628 404 2692 De
437 2648 575 2694 excursu
605 2630 704 2713 igitur
735 2631 766 2698 h.
791 2653 821 2698 6.
846 2633 938 2716 XIII,
970 2633 1087 2717 1-25,
1119 2631 1204 2696 uude
1235 2631 1316 2696 haec
1347 2630 1523 2715 disputatio

354 2733 478 2799 initium
503 2736 599 2820 cepit,
623 2737 670 2802 ita
692 2738 837 2803 iudicare
854 2739 960 2821 velim,
983 2744 1020 2803 ut
1035 2739 1158 2804 Plinius
1175 2759 1193 2804 c
1210 2739 1318 2804 libello
1334 2736 1523 2822 Apollodori

354 2840 406 2923 ,de
430 2841 594 2908 odoribus‘
619 2864 746 2929 semper
770 2853 905 2930 augeret
928 2846 1095 2912 blstoriam
1110 2847 1309 2931 plantarum:
1334 2851 1524 2929 supererant

353 2948 464 3030 multa,
477 2949 593 3030 quibus
605 2951 711 3016 nullus
725 2952 816 3018 locus
829 2953 863 3015 16
876 2952 1094 3037 descriptione
1105 2954 1288 3038 plantarum
1302 2970 1372 3017 6666
1384 2956 1522 3035 poterat,

354 3074 446 3120 suum
470 3055 518 3121 eis
541 3057 640 3140 igitur
662 3058 767 3123 locum
791 3059 903 3124 tribuit
919 3059 1010 3124 initio
1026 3060 1099 3124 libri
1116 3061 1208 3126 XIII.
1245 3060 1337 3137 Quae
1353 3057 1394 3123 (16
1409 3056 1523 3142 pretiis

353 3162 491 3244 aliisque
515 3165 611 3230 rebus
635 3165 667 3228 in
684 3186 811 3248 quoque
826 3173 988 3249 unguento
1008 3166 1154 3251 redeunt,
1179 3167 1250 3252 ipse
1267 3166 1387 3231 Plinius
1403 3165 1436 3229 16
1451 3165 1522 3229 foro

353 3276 386 3333 ct
409 3269 452 3334 ab
476 3272 697 3354 unguentariis
720 3274 862 3357 collegit.

460 3376 578 3442 Paucis
609 3378 717 3444 verbis
745 3378 789 3444 ad
818 3379 913 3444 finem
944 3380 1062 3444 deduci
1099 3385 1206 3465 potest
1237 3386 1305 3445 1616
1335 3378 1522 3463 (1166616116,

354 3482 469 3563 quibus
493 3503 577 3565 quae
607 3484 677 3569 ipse
707 3493 862 3571 statuam,
892 3507 1054 3572 exponere
1083 3488 1196 3554 liceat:
1230 3488 1325 3552 tertia
1354 3487 1423 3551 fere
1445 3506 1523 3570 pars

351 3588 440 3655 librr.
457 3590 522 3654 XII
539 3598 571 3656 et
588 3593 671 3656 XIII
688 3593 718 3659 h.
736 3614 767 3658 6.
784 3594 880 3657 Plinii
897 3614 914 3658 6
929 3593 1146 3679 Theophrasti
1164 3595 1268 3679 ipsius
1289 3594 1379 3659 libris
1393 3599 1523 3676 sumpta

224 3767 225 3772 ἵ
352 3702 418 3780 661;
444 3716 509 3778 qua
533 3717 609 3763 usus
633 3700 675 3764 611
698 3700 838 3765 editione
864 3721 963 3786 supra
980 3701 1160 3786 expositum
1185 3708 1244 3767 661.
1284 3702 1322 3764 16
1338 3699 1521 3764 describen-

352 3801 403 3868 dis
427 3802 546 3888 plantis
570 3804 717 3870 adhibuit
741 3806 864 3872 Plinius
887 3813 1050 3892 auctores,
1082 3807 1137 3889 qui
1167 3826 1287 3891 graece
1315 3805 1522 3890 scripserant,

352 3909 595 3996 Apollodorum,
619 3912 876 3999 Eratosthenem,
900 3914 1028 3997 Iubam,
1054 3914 1145 3980 cuins
1164 3914 1238 3978 libri
1253 3934 1311 3979 sex
1327 3913 1406 3978 locis
1422 3911 1522 3976 citan-

352 4022 403 4080 tur
428 4016 472 4099 (b.
496 4038 527 4083 6.
552 4019 627 4102 XII,
653 4020 706 4103 56,
731 4022 783 4103 61,
810 4022 863 4104 67,
889 4022 947 4104 793
972 4021 1065 4106 XIII,
1090 4021 1133 4085 34
1156 4022 1293 4104 61142).
1333 4020 1434 4097 Quem
1457 4038 1522 4083 666

311 4130 313 4134 ’
351 4123 413 4188 6161
437 4124 469 4187 16
493 4123 711 4211 descriptione
735 4128 877 4192 Arabiae
909 4135 940 4193 61
970 4129 1146 4194 vicinarum
1176 4129 1343 4212 regionum
1373 4125 1522 4191 adbiberi

352 4229 509 4315 diximus3
533 4233 722 4316 plerumque
740 4234 842 4318 ipsius
859 4235 964 4300 Jubae
981 4235 1140 4301 sententia
1154 4235 1246 4300 iuxta
1262 4234 1522 4319 Theophrastum

351 4337 490 4421 ponitur.
538 4339 763 4424 Respiciamus
787 4362 874 4426 vero,
902 4343 1062 4423 quomodo
1088 4362 1214 4427 semper
1245 4364 1264 4406 a
1288 4341 1391 4405 Plinio
1415 4340 1522 4405 Jubae

351 4445 511 4508 sententia
535 4444 800 4530 Theophrasteae
824 4456 1023 4532 opponatur:
1048 4450 1079 4513 h.
1104 4470 1134 4515 n.
1159 4449 1235 4531 XII,
1260 4450 1313 4532 61,
1338 4446 1468 4529 quidam
1489 4454 1523 4511 61

350 4550 462 4615 1666116
477 4551 591 4617 melius
606 4560 721 4637 putant
737 4552 837 4639 gigni,
854 4555 940 4619 Iuba
955 4555 988 4618 in
1000 4556 1112 4635 insulis
1125 4561 1224 4639 negat
1236 4554 1326 4620 nasci
1339 4552 1520 4641 (Theophr.
