3409 5342
623 499 842 584 ..51-

146 707 318 801 diligcntcr
331 715 380 784 his
396 717 487 784 libris
503 724 735 804 pertractatam
751 717 862 802 fuisse,
879 714 965 799 quod
982 721 1092 781 censet
1107 701 1316 801 Sprengelius

145 825 180 908 (l.
196 825 216 890 l.
232 846 264 910 p.
281 826 402 915 62β63).
450 826 559 905 Quare
581 847 647 891 una
671 825 712 892 de
735 824 857 891 Arabia
880 823 1038 909 ampliora
1060 823 1198 889 fortasse
1212 823 1317 888 lubae

145 941 336 1016 argumenta
367 953 470 1017 eaque
500 934 681 1000 recentiora
708 933 961 1019 Theophrasteis
989 929 1111 997 Plinius
1144 931 1186 996 ad
1217 931 1339 996 libros*

147 1059 222 1105 suos
246 1040 416 1106 adsumere
439 1048 578 1126 poterat.

251 1169 283 1233 p.
300 1149 344 1214 55
361 1147 440 1212 dicit
455 1147 680 1233 Sprcngelius:
707 1147 850 1237 „Plinius
873 1152 971 1213 nennt
995 1146 1043 1212 als
1060 1144 1173 1223 Quelle
1196 1145 1248 1209 fur
1264 1144 1316 1208 die

147 1252 376 1320 Pflanzenwelt
400 1253 505 1318 dieser
528 1254 614 1319 Insel
638 1274 680 1318 an
709 1253 797 1319 einer
819 1254 920 1319 Stelle
950 1253 994 1337 (h.
1017 1273 1048 1318 n.
1073 1252 1149 1336 XII,
1173 1252 1317 1334 38-40)

147 1360 209 1424 den
232 1360 328 1444 luha,
352 1381 394 1425 an
418 1360 476 1425 der
499 1359 622 1425 andern
646 1359 690 1444 (h.
715 1381 745 1427 n.
769 1361 859 1444 XVI,
883 1362 961 1445 221)
995 1357 1183 1444 ,Alexandri
1206 1357 1319 1441 Magni

147 1468 300 1533 comites‘.
348 1466 447 1551 Juba,
483 1466 557 1532 dem
590 1466 735 1532 offenbar
766 1467 849 1532 auch
884 1466 939 1531 die
971 1465 1085 1531 zwcite
1118 1464 1218 1530 Stelle
1254 1471 1320 1528 ent-

147 1579 277 1638 stammt
302 1625 440 1643 .....
446 1576 461 1610 “
488 1573 605 1657 Agitur
639 1572 680 1638 de
711 1573 817 1639 insula
846 1573 948 1657 Tylo:
982 1572 1079 1637 Plinii
1111 1591 1187 1637 vero
1220 1572 1320 1635 verba

148 1681 237 1765 (XII,
261 1680 406 1763 38-40)
431 1679 538 1745 omnia
561 1680 732 1765 desumpta
756 1687 830 1746 sunt
853 1699 871 1744 e
895 1679 1058 1764 Theophr.
1083 1679 1114 1746 h.
1138 1679 1182 1764 pl.
1207 1678 1263 1761 IV,
1289 1680 1319 1762 l,

150 1789 245 1854 7-8.
279 1789 353 1854 Una
376 1787 467 1853 deest
490 1787 649 1853 sententia
672 1789 705 1851 in
736 1786 979 1871 Theophrasto:
1005 1786 1101 1868 ,Juba
1126 1786 1214 1851 circa
1237 1785 1321 1850 frue-

148 1895 243 1960 ticem
266 1895 436 1978 lanugines
460 1913 531 1960 esse
554 1894 665 1979 tradit,
689 1894 851 1976 linteaque
876 1913 915 1958 ea
937 1893 1058 1958 Indicis
1070 1892 1322 1977 praestantiora,

149 2001 290 2066 Arabiae
325 2009 431 2065 autem
455 2001 604 2066 arborem
634 2020 675 2066 ex
707 2021 771 2083 qua
801 2007 908 2066 vestes
932 1999 1053 2064 faciant
1077 2019 1177 2084 cynas
1201 2001 1320 2081 vocari,

141 2109 225 2173 ¹solio
248 2108 376 2192 palmae
400 2107 515 2192 simili‘,
542 2128 559 2172 e
582 2109 669 2174 luha
693 2107 816 2174 addita.
863 2108 914 2172 Ita
937 2125 1064 2191 semper
1079 2106 1184 2171 Jubae
1207 2106 1280 2170 libri
1302 2126 1322 2169 a

150 2214 253 2279 Plinio
287 2215 506 2281 excutiuntur:
541 2235 568 2281 c.
592 2234 625 2297 g.
649 2214 680 2282 h.
704 2235 734 2281 n.
759 2215 840 2297 XII,
874 2214 934 2280 60:
971 2212 1114 2298 ,quidam
1146 2211 1179 2276 in
1211 2211 1322 2276 insulis

150 2320 264 2386 melius
287 2327 402 2406 putant
425 2320 526 2406 gigni,
556 2321 643 2387 luha
674 2322 706 2384 in
733 2319 845 2386 insulis
868 2326 968 2402 negat
991 2320 1103 2385 nasci‘.
1150 2317 1323 2383 Praecedit

150 2427 239 2513 apud
262 2428 400 2493 Plinium
423 2435 465 2512 βξ
488 2430 621 2494 58-60
645 2428 820 2514 descriptio
852 2428 932 2493 turis
961 2434 993 2491 et
1022 2446 1165 2510 murrae,
1195 2427 1227 2489 in
1258 2444 1322 2506 qua

152 2535 314 2620 Theophr.
332 2535 362 2601 h.
379 2536 423 2621 pl.
439 2536 498 2618 IX,
522 2535 554 2617 4,
576 2536 618 2600 10
641 2537 794 2618 sequitur,
819 2534 874 2616 qui
898 2532 1023 2599 scribit:
1044 2534 1143 2597 Ἔνιοι
1164 2535 1199 2596 δὲ
1214 2534 1321 2608 λέγου-

152 2658 205 2706 σιν
228 2644 274 2720 ὡς
296 2640 413 2706 πλείων
437 2646 493 2719 μὲν
516 2642 534 2704 ὁ
550 2644 724 2721 λιβανωτὸς
741 2643 775 2706 ἐν
790 2649 826 2725 τῇ
842 2641 967 2723 Ἀραβίᾳ
982 2642 1109 2716 γίνεται,
1133 2640 1269 2703 καλλίων
1288 2643 1323 2726 δὲ

152 2750 186 2813 ἐν
209 2752 278 2826 ταῖς
301 2749 507 2826 ἐπικειμέναις
524 2750 638 2826 νήσοις
652 2747 698 2812 ὧν
713 2748 921 2826 ὑπάρχουσιν.
963 2747 1083 2810 Iterum
1107 2744 1324 2831 Theophrasti

152 2854 329 2920 sententiae
365 2855 452 2920 Juba
489 2856 670 2940 opponitur.
727 2853 851 2932 Quodsi
884 2854 915 2920 h.
939 2875 970 2919 n.
994 2853 1087 2937 XVI,
1122 2854 1184 2916 221
1224 2852 1324 2916 κακίω

152 2961 341 3044 ‚Alexandri
364 2961 475 3044 Magni
492 2962 634 3026 comites‘
651 2960 730 3025 dicit
745 2960 956 3046 Sprengelius
974 2960 1090 3023 iterum
1105 2958 1211 3023 Jubae
1226 2957 1325 3021 libros

151 3068 344 3151 significare,
368 3067 464 3132 valde
488 3087 560 3131 eum
583 3086 691 3131 errare
715 3066 875 3132 concedes
904 3065 932 3131 si
956 3064 1136 3131 excusseris
1160 3062 1323 3148 Theophr.

152 3176 184 3241 h.
209 3175 252 3258 pl.
278 3175 315 3258 V,
339 3175 371 3258 4,
395 3175 499 3240 4-72
533 3175 567 3238 ἐν
589 3174 680 3258 Toup
704 3178 739 3239 δὲ
762 3181 799 3257 τῇ
823 3175 915 3257 νήσῳ
939 3179 975 3256 τῇ
999 3174 1070 3250 περὶ
1099 3174 1157 3250 τήν
1179 3171 1324 3248 Ἀραβίαν

153 3278 249 3346 εἷναί
282 3283 314 3345 τί
347 3298 442 3362 φασι
476 3283 569 3347 ξύλον
602 3282 634 3348 ἐξ
658 3281 696 3346 οὗ
728 3283 767 3345 τὰ
794 3283 890 3345 πλοῖα
922 3282 1166 3359 ναυπηγοῦνται.
1218 3277 1325 3343 Semel

153 3395 252 3471 atque
274 3388 389 3453 iterum
413 3388 445 3452 in
468 3388 530 3452 hoc
554 3387 661 3472 capite
684 3387 727 3452 ad
743 3388 855 3452 horum
870 3385 1048 3451 Alexandri
1063 3386 1214 3451 comitum
1233 3384 1320 3449 testi-

153 3494 294 3560 monium
324 3493 407 3558 redit
431 3494 685 3578 Theophrastus.
731 3495 811 3559 Arte
841 3493 994 3559 cohaeret
1025 3491 1087 3557 hoc
1120 3498 1219 3576 caput
1252 3510 1326 3554 cum

154 3603 186 3667 h.
204 3602 248 3686 pl.
264 3602 320 3686 IV,
342 3602 407 3686 7,3
431 3621 501 3684 sqq,
526 3601 579 3666 ubi
604 3602 742 3687 primum
764 3600 878 3686 incipit
897 3599 1073 3685 descriptio
1091 3598 1179 3664 sinus
1194 3597 1327 3662 Arabici

155 3715 188 3773 et
217 3708 341 3773 insulae
373 3707 457 3792 Tyli.
513 3708 618 3785 Quam
650 3707 899 3793 descriptionem
930 3727 948 3772 e
982 3706 1108 3772 duobus
1140 3703 1327 3770 auctoribus

156 3816 334 3901 desumpsit
357 3814 611 3900 Theophrastus,
646 3815 784 3900 primum
807 3836 828 3879 a
850 3815 1100 3899 mercatoribus,
1130 3813 1185 3896 qui
1209 3813 1241 3877 in
1264 3812 1328 3875 He-

155 3943 247 3988 roum
270 3925 373 3987 sinum
396 3921 594 4005 navigabant
624 3923 679 4006 (cf.
702 3922 733 3988 h.
753 3922 797 4008 pl.
814 3922 871 4007 IV,
897 3923 926 4007 l,
950 3924 987 3988 2:
1018 3920 1069 3985 Ἐν
1093 3924 1130 3984 δὲ
1152 3926 1196 4005 τῷ
1220 3920 1328 4003 κόλπιρ

155 4037 200 4114 τῷ
231 4031 415 4113 καλουμένῳ
437 4029 571 4108 Ἡρώων
601 4029 692 4110 ἐφ’ὃν
722 4029 969 4109 καταβαίνουσιν
993 4028 1023 4092 ol
1047 4029 1079 4095 ἐξ
1103 4026 1262 4103 Αἰγύπτου
1294 4032 1326 4090 et

158 4138 188 4201 h.
212 4139 256 4221 pl.
278 4138 336 4221 IX,
361 4138 392 4219 4,
415 4139 451 4203 4:
485 4139 614 4217 ἔφασαν
645 4139 681 4201 δὲ
711 4137 798 4201 οὗτοι
829 4140 909 4202 κατὰ
938 4137 995 4201 τὸν
1024 4137 1212 4215 παράπλουν
1236 4135 1273 4199 ὃν
1298 4135 1330 4201 ἐξ

155 4244 290 4322 Ἡρώων
313 4245 479 4308 ἐποιοῦντο
503 4244 622 4307 κόλπου
644 4294 751 4310 .....
764 4244 798 4331 ¹),
822 4249 890 4308 tum
913 4265 934 4308 a
957 4242 1127 4309 comitibus
1150 4240 1328 4305 Alexandri

265 4406 287 4472 1)
306 4406 383 4460 falso
403 4404 604 4460 Schneiderus
631 4407 699 4460 adn.
719 4423 746 4476 p.
766 4404 818 4459 727
846 4406 922 4459 hacc
950 4406 1044 4459 verba
1073 4405 1231 4458 classicum
1261 4418 1326 4457 esse

158 4497 256 4550 locum
277 4496 313 4549 de
333 4495 524 4565 expeditione
542 4496 645 4549 navali
665 4495 704 4548 ab
724 4493 898 4548 Alexandro
924 4495 1016 4547 missa
1043 4493 1082 4547 ad
1109 4491 1327 4564 explorandam

158 4583 310 4651 Arabiam,
339 4599 454 4653 quace
484 4585 552 4637 sinu
581 4582 701 4639 Persico
730 4585 866 4654 profecta
895 4589 949 4637 est.
997 4581 1068 4636 Mihi
1096 4582 1218 4651 quidem
1247 4581 1330 4635 haud
