3409 5342
644 530 775 597 -.39
822 568 864 582 ..

169 724 259 790 cuius
283 727 331 790 vis
355 732 387 790 et
410 726 587 792 auctoritas
610 732 701 792 tanta
725 734 806 812 erat,
826 733 861 791 ut
885 726 990 808 quivis
1013 731 1127 811 postea
1155 725 1338 810 zoologicos

168 830 267 897 libros
301 832 483 899 Aristotelis
521 834 693 918 evolveret,
729 854 793 898 non
825 833 869 898 ad
902 832 1007 918 ipsum
1039 832 1221 899 Aristotelis
1256 853 1337 918 opus

168 937 305 1023 rediret,
343 939 401 1005 sed
440 939 483 1004 ad
522 939 747 1025 Aristophanis
783 939 932 1025 Byzantii
971 939 1142 1024 epitomen.
1199 939 1249 1004 De
1286 939 1337 1005 his

168 1044 393 1131 Aristophanis
418 1046 534 1113 studiis
557 1047 677 1133 optime
701 1067 785 1111 nunc
801 1047 946 1112 iudicare
965 1066 1145 1132 possumus,
1165 1053 1337 1132 postquam

168 1172 287 1234 magna
319 1153 479 1236 quaedam
512 1174 589 1238 pars
623 1153 717 1218 huius
752 1153 913 1239 epitomae
947 1152 1128 1238 Byzantina
1162 1159 1270 1218 aetate
1304 1152 1337 1245 in

167 1258 282 1323 libmm
305 1258 439 1325 redacta
470 1280 542 1325 cum
572 1258 644 1325 aliis
674 1260 837 1345 excerptis
867 1259 1040 1345 zoologicis
1071 1260 1203 1326 inventa
1233 1280 1335 1346 nuper

167 1365 270 1430 edidit
306 1366 464 1432 Lambros
477 1367 512 1451 ¹).
574 1366 705 1444 Quanta
748 1374 817 1432 erat
864 1366 1057 1433 auctoritate
1103 1366 1335 1453 Aristophanes

166 1473 352 1558 Byzantius,
377 1473 564 1560 discipulos,
589 1493 669 1556 quos
692 1475 882 1555 magistrum
905 1474 1083 1540 aemulatos
1096 1492 1177 1553 esse
1206 1473 1334 1559 scimus,

166 1599 276 1644 amore
299 1581 410 1645 talium
426 1581 617 1667 scriptorum
634 1581 758 1667 imbuit,
782 1583 837 1665 qui
855 1603 918 1646 non
934 1582 1036 1647 solum
1052 1580 1335 1663 grammaticorum

165 1706 297 1752 munere
319 1686 537 1771 fungebantur
560 1687 593 1751 in
609 1687 766 1753 eiusmodi
783 1687 874 1753 libris
889 1685 1138 1772 pertractandis,
1162 1685 1220 1753 scd
1237 1686 1335 1752 etiam

166 1795 256 1859 novis
291 1793 521 1860 additamentis
555 1815 611 1861 eos
650 1794 814 1878 augebant
853 1794 937 1860 sicut
973 1793 1075 1878 ipsius
1109 1793 1334 1879 Aristophanis

115 1904 124 1918 “
166 1902 305 1988 epitome
328 1901 517 1988 saepissime
540 1902 582 1967 ab
597 1902 802 1968 Aristotelico
818 1921 916 1988 opere
931 1900 1104 1984 discrepat.
1144 1900 1334 1966 Grammati-

165 2029 238 2074 cum
261 2009 360 2093 igitur
382 2008 527 2074 videmus
550 2009 640 2075 libris
659 2008 913 2095 Theophrasteis
936 2028 1068 2094 operam
1097 2026 1246 2093 navasse,
1280 2009 1335 2090 qui

165 2115 242 2198 quin
276 2115 515 2182 Alexandrinus
554 2116 650 2183 luerit
687 2115 829 2182 dubitari
866 2116 988 2198 nequit.
1044 2115 1136 2180 Haec
1174 2116 1334 2180 sententia

165 2222 284 2287 firmari
307 2228 414 2308 potest
437 2243 455 2287 e
478 2222 585 2288 verbis
608 2222 776 2308 Athenaei,
801 2221 919 2305 quibus
935 2222 1093 2288 Thericlis
1116 2228 1208 2287 aetas
1228 2220 1333 2304 desig-

164 2336 260 2394 natur
284 2348 324 2393 ex
348 2328 565 2414 Aristophane
595 2328 767 2396 comoedo:
798 2330 1035 2394 κατασκευάσαι
1060 2332 1096 2393 δὲ
1125 2329 1247 2405 λέγεται
1275 2331 1333 2408 τὴν

165 2437 272 2501 κύλικα
295 2434 412 2515 ταύτην
435 2437 573 2516 Θηρικῆς
596 2438 614 2500 b
640 2437 804 2515 Κορίνθιος
827 2436 990 2515 κεραμεύς,
1014 2434 1112 2516 ἀφόὗ
1127 2438 1178 2500 καὶ
1191 2435 1333 2514 τοῦνομα

165 2545 235 2622 ἔχει,
259 2546 401 2621 γεγονὼς
423 2547 491 2621 τοῖς
512 2544 640 2623 χρόνοις
655 2545 734 2617 κατὰ
747 2546 804 2608 τὸν
820 2546 958 2622 κωμικὸν
973 2543 1194 2624 Ἀριστοφάνη.
1225 2543 1332 2609 Primo

70 2641 74 2650 ’
161 2649 275 2714 obtutu
302 2649 489 2732 agnoscitur
514 2649 688 2715 scholiasta
706 2649 955 2736 Alexandrinus,
979 2650 1034 2732 qui
1053 2649 1094 2715 de
1110 2671 1146 2716 re
1161 2650 1231 2736 ipse
1254 2650 1351 2719 nihil

161 2755 266 2822 novit:
295 2757 421 2841 legerat
450 2756 587 2821 fortasse
610 2775 725 2821 nomen
749 2755 908 2822 Thericlis
931 2756 964 2820 in
988 2755 1157 2822 comoedia
1179 2755 1331 2841 quadam,

161 2882 261 2945 quare
291 2862 396 2948 ipsum
420 2861 602 2927 Thericlem
633 2861 777 2927 eiusdem
808 2862 925 2929 aetatis
955 2868 1053 2945 atque
1083 2862 1331 2947 Aristophanem

160 2969 351 3035 comoedum
374 2970 472 3035 fuisse
497 2968 586 3035 dicit.

267 3077 352 3142 Tota
385 3076 544 3143 sententia
576 3075 648 3141 aliis
681 3077 880 3160 argumentis
911 3076 1070 3142 firmanda
1102 3083 1168 3143 est:
1201 3076 1330 3143 investi-

158 3184 261 3269 gandi
296 3190 370 3250 sunt
404 3184 587 3269 scriptores,
624 3183 678 3266 qui
717 3183 938 3249 Alexandrina
977 3190 1084 3249 aetate
1125 3183 1332 3251 adhibuerint

157 3292 259 3357 libros
297 3291 525 3376 Theophrasti.
587 3290 639 3355 Ad
677 3290 1047 3376 paradoxographorum
1087 3291 1186 3376 igitur
1231 3291 1330 3357 hbros

157 3398 329 3464 redeamus
353 3397 574 3463 Alexandrina
597 3404 705 3463 aetate
729 3398 936 3483 compositos.
982 3399 1031 3463 Ac
1047 3397 1184 3483 primum
1201 3397 1331 3480 quidem

157 3506 340 3589 Antigonus
362 3504 541 3590 Carystim,
566 3507 621 3589 qui
644 3505 844 3591 saepissime,
867 3525 908 3571 ue
932 3504 1040 3571 dicam
1068 3525 1205 3591 semper,
1236 3512 1268 3571 et
1297 3505 1330 3570 in

157 3612 256 3677 rebus
280 3611 366 3676 etin
398 3611 582 3677 auctoribus
615 3632 791 3697 congruere
822 3613 950 3679 videtur
979 3632 1052 3677 cum
1081 3611 1162 3677 libro
1193 3611 1330 3697 pseudo-

157 3718 365 3804 aristotelico,
389 3719 440 3783 cui
463 3718 656 3804 inscribitur,
681 3719 877 3810 εἀκούσματα
901 3718 1072 3798 θαυμάσια’
1096 3726 1129 3785 et
1145 3738 1217 3784 cum
1232 3719 1330 3804 Apol-

156 3826 236 3892 lonii
260 3825 411 3911 ,historiis
441 3825 663 3912 mirabilibus‘,
693 3848 734 3893 ne
764 3849 826 3895 uno
859 3828 989 3911 quidem
1018 3829 1090 3893 loco
1114 3827 1328 3912 Theophrasti

156 3933 257 3999 libros
280 3932 507 4017 phytologicos
530 3935 684 4014 excussit,
708 3936 769 4002 etsi
789 3937 891 4001 multa
906 3934 1076 4020 mirabilia,
1101 3954 1185 4016 quae
1201 3934 1244 3999 ad
1260 3934 1330 4001 eius

156 4039 260 4126 ipsius
283 4045 506 4122 argumentum
539 4039 754 4126 pertinebant,
786 4044 832 4107 eis
863 4041 1137 4108 describebantur.
1189 4041 1260 4106 Hoc
1291 4061 1329 4107 eo

157 4145 262 4229 magis
285 4145 400 4210 mirum
424 4154 482 4231 est,
507 4146 594 4229 quod
613 4148 696 4214 alios
711 4149 811 4215 libros
827 4148 1045 4235 Theophrasti
1060 4148 1189 4218 novisse
1202 4149 1330 4214 videtur

156 4254 198 4320 cl.
223 4273 251 4320 c.
278 4254 340 4319 145
365 4254 416 4339 (fr.
444 4255 507 4319 164
530 4255 584 4339 W)
609 4263 642 4321 et
665 4275 693 4323 c.
720 4255 784 4323 174
807 4256 858 4342 (tr.
886 4258 949 4322 160
972 4258 1038 4345 W).

263 4360 329 4426 Sed
359 4380 432 4426 cum
456 4361 673 4447 Theophrasti
701 4364 775 4429 libri
805 4364 846 4430 de
879 4365 999 4449 plantis
1029 4364 1071 4429 ab
1095 4364 1265 4449 Apollonio
1296 4370 1329 4429 et

157 4474 298 4552 auctore,
332 4467 386 4549 qui
409 4467 524 4533 librum
555 4468 747 4535 mirabilium
781 4469 1052 4540 auscultationem
1085 4470 1225 4561 scripsit,
1259 4470 1328 4539 dili·

159 4571 369 4582 ———.

266 4598 288 4664 1)
310 4598 346 4652 cf.
366 4597 463 4670 suppl.
483 4594 666 4652 Aristotelio.
685 4597 707 4655 1.
