3409 5342
1702 439 2140 504 -56-

755 628 1161 693 coniunctam
1193 650 1335 694 cum
1362 630 1577 696 casiae
1603 637 1667 696 et
1692 640 1995 698 accurate
2021 632 2314 714 sequitur
2335 631 2659 715 Theophr.
2683 630 2743 696 h.
2771 630 2858 714 pl.
2885 629 3003 710 IX,
3030 630 3092 712 5,

754 733 863 816 qui
910 734 1136 800 eodem
1182 736 1372 802 modo
1420 736 1750 803 coniunxit
1783 738 2268 823 descriptiones.
2346 738 2624 802 Tantum
2657 736 2854 819 igitur
2886 735 3089 819 abest,

753 847 823 905 ut
868 840 1115 907 Plinius
1162 848 1201 926 ξ
1234 843 1311 907 51
1358 843 1567 909 Jubae
1616 864 1685 909 se
1717 845 1898 927 sequi
1947 844 2432 930 dispositionem
2471 843 2732 927 indicet,
2773 849 2842 908 ut
2879 841 3091 927 potius

755 946 1187 1033 Theophrasti
1234 948 1436 1034 ipsius
1484 970 1554 1016 se
1602 950 1878 1016 retinere
1927 952 2090 1017 velle
2139 950 2555 1017 adnotatione
2600 971 2719 1015 sua
2751 948 3087 1034 exprimat.

753 1053 885 1120 Sed
952 1062 1015 1120 et
1080 1055 1223 1123 aliis
1299 1059 1693 1141 argumentis
1758 1058 2042 1125 laudatis
2113 1057 2425 1143 imprimis
2491 1079 2531 1122 a
2592 1058 2894 1122 Munzero
2959 1058 3000 1120 l.
3048 1057 3086 1122 l.

753 1161 1171 1247 Sprengelius
1216 1163 1599 1230 sententiam
1648 1185 1832 1230 suam
1878 1166 2131 1230 firmare
2179 1164 2442 1249 studuit,
2508 1163 2672 1229 dixit
2717 1185 2782 1249 p.
2832 1163 2917 1228 65
2961 1182 3086 1245 sq.:

754 1269 911 1335 zwei
958 1269 1135 1335 nicht
1180 1271 1699 1356 geographische
1731 1272 2259 1356 Abweichungen
2296 1271 2440 1338 sind
2469 1293 2541 1338 so
2569 1270 3084 1355 untergebracht,

755 1377 907 1444 dass
938 1377 1031 1443 sie
1066 1377 1191 1442 den
1223 1378 1785 1464 Zusammenhang
1815 1378 1992 1444 nicht
2023 1379 2528 1445 unterbrechen:
2579 1378 2683 1443 die
2730 1376 3086 1462 geschicht-

753 1483 967 1548 lichen
998 1484 1497 1568 Ausfiihrungen
1526 1485 1658 1550 und
1691 1486 2080 1552 Anekdoten
2112 1486 2271 1551 liber
2317 1485 2423 1551 die
2469 1484 2729 1551 keinem
2766 1483 3084 1550 bestimm-

754 1597 861 1656 ten
920 1590 1150 1656 Lande
1218 1591 1615 1676 angehorige
1662 1593 1933 1658 Platane
2005 1599 2186 1677 (sane
2246 1591 2420 1657 idem
2477 1592 2560 1656 de
2619 1590 2913 1658 omnibus
2958 1591 3087 1655 fere

753 1696 1089 1762 arboribus
1149 1698 1410 1763 meliore
1471 1718 1665 1780 quam
1727 1699 1808 1764 de
1867 1701 2133 1784 platano
2178 1699 2316 1763 iure
2378 1698 2507 1763 dici
2567 1703 2806 1783 potest)
2869 1697 3087 1764 stehen

752 1825 920 1886 ganz
952 1825 1059 1869 am
1091 1804 1351 1888 Anfang
1384 1804 1499 1871 des
1537 1808 1639 1872 12.
1678 1806 1935 1872 Buches
1969 1813 2034 1890 (ξ
2064 1808 2104 1871 6
2135 1807 2253 1890 ff.),
2287 1805 2496 1871 hinter
2527 1804 2643 1870 der
2670 1805 3087 1890 allgemeinen

752 1912 1127 1995 Einleitung
1171 1912 1303 1977 und
1365 1913 1483 1979 das
1532 1913 1787 1999 Capitel
1846 1915 2007 1979 uber
2063 1913 2643 1995 Salbenbereitung
2688 1934 2794 1977 am
2838 1913 3088 1994 Anfang

756 2019 872 2085 des
924 2020 1025 2087 13.
1073 2019 1347 2105 Buches,
1397 2021 1535 2086 also
1584 2042 1667 2086 an
1716 2021 1891 2086 einer
1938 2022 2156 2106 Stelle,
2206 2042 2307 2086 wo
2340 2041 2411 2087 so
2444 2019 2567 2085 wie
2598 2039 2669 2085 so
2707 2019 2907 2084 schon
2955 2020 3088 2084 eine

757 2134 1023 2193 aussere
1070 2127 1610 2212 Unterbrechung
1658 2128 1775 2193 der
1821 2129 2242 2212 Darstellung
2300 2128 2594 2212 gegeben
2640 2128 2838 2193 war.“
2936 2127 3088 2191 Rem

754 2233 960 2318 ipsam
1010 2234 1301 2314 quamvis
1348 2240 1524 2298 recte
1571 2233 1990 2319 Sprengelius
2037 2234 2426 2320 exposuerit,
2475 2241 2690 2298 tamen
2739 2232 2876 2298 eius
2905 2230 3088 2297 ratio-

754 2338 1136 2404 cinationem
1168 2339 1446 2425 probare
1478 2340 1691 2425 nolim,
1728 2343 1837 2423 qui
1868 2341 2017 2406 inde
2051 2341 2298 2425 colligit
2335 2340 2610 2406 Plinium
2642 2341 2887 2404 claram
2915 2359 3090 2404 suam

755 2445 1237 2531 dispositionem
1285 2447 1815 2532 geographicam,
1865 2468 2057 2530 quam
2089 2448 2198 2513 ille
2230 2449 2440 2514 Jubae
2474 2447 2786 2531 assignat,
2836 2446 3092 2511 turbare

753 2553 1052 2619 noluisse.
1147 2553 1382 2619 Paucis
1429 2555 1643 2621 verbis
1691 2554 1758 2619 in
1805 2555 1928 2620 hoc
1989 2562 2436 2639 argumentum
2495 2554 2925 2636 inquiramus:
2987 2573 3092 2617 ex-

754 2659 1002 2726 ordium
1064 2659 1209 2725 libri
1255 2660 1387 2726 XII
1455 2660 1735 2745 pertinet
1801 2681 2002 2743 usque
2068 2668 2136 2726 at
2180 2662 2381 2727 verba
2442 2667 2481 2745 ξ
2530 2662 2648 2726 21:
2716 2661 2923 2745 ,Nunc
2983 2679 3093 2724 eas

754 2787 1166 2852 exponemus,
1218 2787 1379 2850 quas
1426 2768 1659 2833 mirata
1697 2777 1797 2835 est
1829 2768 2187 2834 Alexandri
2231 2769 2453 2852 Magni
2499 2767 2772 2833 victoria
2817 2769 2971 2833 orbe
3016 2787 3091 2832 eo

754 2875 1124 2960 patefacto‘.
1221 2876 1451 2941 Omnia
1499 2896 1665 2958 quae
1713 2876 2113 2961 praecedunt
2158 2896 2193 2941 e
2241 2875 2688 2941 diversissimis
2741 2872 3090 2957 sententiis,

756 3000 916 3062 quas
961 2980 1198 3066 partim
1243 2981 1386 3066 ipse
1432 2981 1689 3047 addidit
1737 2983 1972 3067 partim
2006 2982 2149 3048 aliis
2183 3003 2219 3048 e
2258 2981 2542 3047 fontibus
2574 2980 2846 3065 sumpsit
2873 2984 3093 3044 auctor

754 3094 991 3171 noster,
1041 3086 1401 3172 composita
1449 3096 1615 3154 sunt.
1688 3088 1939 3166 Quodsi
1987 3089 2323 3153 exordium
2354 3086 2652 3172 perlegiS,
2701 3085 2918 3152 statim
2950 3105 3093 3149 con-

756 3192 954 3259 cedes
999 3193 1277 3261 Plinium
1324 3214 1469 3260 cum
1526 3194 1776 3260 initium
1808 3178 2159 3261 'scribendi
2218 3196 2489 3279 faceret,
2555 3193 2837 3258 nondum
2896 3198 3093 3257 totam

754 3320 965 3365 rerum
1013 3307 1076 3365 et
1121 3300 1269 3365 libri
1330 3300 1824 3386 dispositionem
1883 3301 2149 3368 fecisse:
2211 3308 2251 3386 ξ
2298 3304 2341 3366 2
2389 3300 2576 3367 dicit:
2645 3299 3091 3387 „quamobrem

754 3406 937 3488 sequi
984 3427 1103 3491 par
1150 3414 1248 3473 est
1295 3408 1583 3473 ordinem
1634 3407 1805 3474 vitae
1867 3415 1930 3472 et
1990 3409 2255 3474 arbores
2316 3416 2465 3473 ante
2514 3408 2645 3473 alia
2691 3427 2771 3472 ac
2818 3406 3094 3471 moribus

754 3514 852 3579 his
884 3513 1237 3598 primordia
1264 3515 1623 3600 ingerere“,
1673 3535 1842 3598 quae
1873 3535 2018 3579 cum
2049 3515 2212 3580 libro
2242 3515 2383 3600 ipso
2414 3523 2477 3580 et
2508 3514 2937 3599 descriptione
2968 3533 3089 3578 non

757 3628 1134 3706 congruant,
1186 3622 1489 3704 quoniam
1536 3643 1663 3688 non
1708 3624 1915 3689 solum
1963 3623 2046 3687 de
2095 3622 2451 3706 arboribuS,
2503 3621 2619 3687 sed
2665 3620 2818 3685 inde
2865 3642 2906 3686 a
2936 3627 2975 3704 ξ
3008 3621 3084 3683 41

758 3727 1047 3794 ciusdem
1093 3728 1238 3793 libri
1288 3729 1481 3794 etiam
1530 3729 1613 3794 de
1661 3729 1942 3796 arbustis
1989 3736 2054 3795 et
2099 3729 2319 3795 herbis
2365 3728 2698 3814 permixtis
2733 3749 2876 3792 cum
2913 3727 3091 3792 arbo-

756 3855 895 3899 rum
945 3835 1408 3920 descript-ione,
1473 3856 1634 3918 quas
1696 3837 1867 3902 solas
1929 3858 2253 3922 exponere
2313 3836 2493 3901 initio
2540 3836 2862 3917 voluerat,
2918 3840 3088 3916 agat.

757 3949 839 4026 ἓξ
888 3943 1064 4008 3-6
1110 3942 1176 4006 in
1238 3943 1606 4008 universum
1661 3943 1943 4025 loquitur
2003 3942 2085 4007 de
2150 3942 2428 4008 utilitate
2489 3943 2818 4026 arborum,
2880 3941 3090 4023 itaque

758 4048 1106 4114 secundum
1173 4049 1489 4133 ordinem,
1554 4070 1721 4132 quae
1769 4050 1892 4116 sibi
1955 4051 2319 4135 proposuit,
2399 4056 2908 4134 pertractaturus
2977 4053 3090 4114 est.

762 4160 1082 4220 Accurate
1128 4154 1314 4221 vides
1359 4155 1609 4220 initium
1657 4176 1802 4221 eum
1849 4178 2084 4242 capere
2122 4157 2290 4222 velle
2321 4177 2362 4221 a
2393 4156 2699 4222 Varronis
2746 4160 3092 4240 praecepto

758 4284 802 4329 r.
854 4284 904 4328 r.
954 4264 1006 4344 I,
1054 4265 1116 4348 4,
1173 4267 1237 4329 1:
1288 4262 1458 4346 ,huic
1506 4264 1798 4348 profecto
1847 4264 2176 4348 agricolae
2224 4264 2309 4328 ad
2365 4265 2528 4329 duas
2565 4269 2772 4328 metas
2817 4261 3094 4344 dirigere

762 4369 1014 4453 debent,
1063 4369 1149 4434 ad
1197 4369 1540 4436 utilitatem
1590 4377 1653 4434 et
1699 4371 2131 4455 voluptatem3
2205 4370 2446 4435 utilitas
2495 4369 2745 4452 quaerit
2799 4369 3093 4452 fructum,

766 4477 1062 4568 roluptas
1112 4477 1643 4565 delectationem‘,
1694 4498 1773 4545 ac
1804 4497 2056 4567 semper
2092 4479 2295 4546 Varro
2327 4477 2444 4545 has
2479 4477 2641 4545 duas
2673 4497 2776 4542 res
2805 4475 3095 4563 ,initium‘
