3409 5342
1632 446 2079 509 —22—

684 640 964 718 ἀμπέλου
998 643 1070 704 δὲ
1102 639 1326 719 ἀγρίας
1349 640 1655 723 ἐνιαυτόν,
1683 641 1795 704 ἑὰν

683 749 750 813 ἐν
798 752 946 829 σκιᾷ
993 749 1031 830 ᾖ
1081 748 1181 810 καὶ
1229 746 1543 824 ἄπληκτος
1567 783 1794 822 *****

681 856 938 917 πάντων
979 856 1049 917 δὲ
1081 852 1249 930 ὅλως
1279 858 1408 917 τῶν
1438 853 1796 932 φαρμάκων

681 964 979 1024 πλεῖστον
1014 961 1289 1037 διαμένει
1310 960 1542 1038 χρόνον
1562 962 1634 1024 τὸ
1658 960 1795 1023 ἐλα-

682 1069 918 1145 τήριον.
1849 1132 1855 1171 l

895 1225 1107 1292 Ceteri
1173 1226 1361 1292 codd.
1430 1232 1579 1311 post
1644 1226 1959 1306 ἄπληκτος
2023 1227 2310 1292 inserunt
2379 1226 2759 1292 sententia-m
2829 1226 3020 1290 valde

682 1332 974 1417 otiosam,
1026 1354 1218 1416 quam
1266 1332 1549 1399 editores
1596 1354 1816 1399 omnes
1866 1340 2282 1419 receperunt:
2331 1334 2486 1398 εἰδὲ
2520 1337 2620 1412 μή,
2669 1335 2887 1413 σαπρὰ
2919 1335 3020 1397 καὶ

683 1442 1062 1521 σομφώδης,
1113 1461 1307 1523 quam
1353 1460 1474 1505 nec
1521 1440 1768 1508 Plinius
1816 1449 2074 1508 secutus
2121 1438 2561 1506 recensionem
2622 1440 2863 1505 codicis
2920 1440 3018 1505 U*

681 1547 946 1632 recepit.
1017 1547 1248 1614 Nonne
1281 1546 1481 1612 verba
1511 1548 1563 1611 εἰ
1599 1551 1671 1612 δέ
1705 1551 1806 1627 μή,
1840 1549 2061 1627 σαπρά
2093 1549 2194 1613 καί
2221 1548 2582 1626 σομφώδης
2607 1546 3016 1612 scholiastam

681 1655 783 1719 vel
832 1654 1047 1740 potius
1095 1655 1420 1738 glossema
1458 1655 1801 1721 redolent?
1848 1655 2202 1741 praecipue
2248 1675 2392 1720 cum
2437 1654 2566 1719 iam
2614 1654 2818 1719 altera
2875 1674 3018 1718 con-

684 1761 855 1827 dicio
895 1760 1108 1847 posita
1153 1761 1236 1828 sit
1284 1763 1395 1827 ἐὰν
1442 1765 1509 1827 ἐν
1556 1769 1705 1846 σκιᾷ
1751 1766 1789 1848 ᾖ
1839 1766 1939 1828 καὶ
1981 1763 2313 1842 ἄπληκτος.

899 1887 972 1950 Ι11
1005 1886 1259 1951 nomine
1292 1886 1555 1971 plantae
1590 1885 1925 1952 cuiusdam
1959 1881 2264 1951 differunt
2292 1885 2552 1951 codices
2587 1885 3019 1971 Theophrasti

686 1993 747 2059 h.
797 1993 885 2078 pl.
937 1993 1054 2076 IX,
1108 1993 1209 2078 16,
1249 1996 1305 2059 1.
1401 1993 1498 2058 U*
1546 2012 1802 2078 semper
1849 1996 2207 2070 δίκταμνον
2255 1999 2468 2075 vocat,
2517 2013 2643 2057 uno
2691 1993 2826 2059 solo
2873 1993 3017 2057 loco

683 2118 899 2163 errore
961 2098 1212 2163 scribae
1279 2098 1541 2164 exhibet
1608 2100 1964 2174 δίκταννον;
2033 2098 2232 2163 ceteri
2303 2098 2493 2164 codd.
2560 2118 2705 2163 cum
2770 2118 3020 2183 semper

684 2207 984 2283 δίκταμον
1032 2205 1376 2286 nominent,
1416 2204 1662 2270 Plinius
1711 2205 2005 2271 omnibus
2051 2205 2384 2270 codicibus
2438 2211 2696 2271 secutus
2743 2204 2838 2270 U*
2887 2204 3018 2268 dic-

682 2319 972 2378 tamnus
1020 2313 1122 2378 vel
1170 2311 1597 2377 dictamnum
1645 2319 1857 2379 vocat.
2254 2326 2257 2329 ’

894 2438 1275 2518 Priusquam
1322 2435 1409 2500 ad
1456 2435 1892 2522 Theophrasti
1940 2456 2085 2523 cap.
2139 2438 2222 2502 16
2269 2436 2711 2502 difficillimum
2776 2443 3017 2501 transe-

630 2526 635 2531 ’
682 2564 887 2625 amus,
953 2543 1019 2607 in
1080 2543 1260 2609 locos
1328 2542 1643 2627 quosdam
1710 2564 1852 2628 cap.
1930 2545 2011 2608 14
2077 2550 2141 2608 et
2206 2546 2286 2610 15
2353 2544 2474 2609 erit
2537 2543 3016 2626 inquirendum:

681 2651 947 2736 capituli
999 2651 1080 2714 14
1128 2656 1167 2733 ἓ
1214 2651 1258 2714 4
1305 2650 1490 2716 deest
1535 2649 1599 2714 in
1646 2650 1766 2735 U*,
1814 2650 1969 2715 item
2018 2670 2162 2736 cap.
2218 2651 2298 2715 15
2346 2657 2385 2734 ξ
2438 2653 2470 2716 1
2521 2650 2673 2715 inde
2715 2671 2756 2715 a
2789 2651 3020 2729 σχεδὸν

682 2758 864 2821 αὗται
912 2777 1114 2839 usque
1162 2757 1247 2822 ad
1295 2765 1334 2842 ξ
1384 2759 1423 2822 3
1475 2762 1710 2836 δηλοῦν
1757 2761 1846 2823 τὸ·
1874 2747 2110 2823 Ικοινόν
2175 2765 2240 2822 et
2303 2779 2495 2844 porro
2565 2778 2709 2843 cap.
2763 2758 2844 2823 15
2891 2763 2928 2840 ἓ
2978 2757 3018 2821 8

680 2864 1030 2929 sententia:
1079 2867 1151 2928 τὸ
1184 2870 1255 2930 δὲ
1288 2866 1550 2929 κώνειον
1583 2865 1848 2944 ἄριστον
1892 2868 2034 2944 περὶ
2081 2867 2302 2929 Σοῦσα
2350 2868 2451 2929 καὶ
2500 2860 3019 2944 ἐν’ψυχροτοὶτοις

678 2969 913 3048 τόποις.
1008 2971 1355 3049 Quaeritur
1403 2980 1612 3037 utrum
1659 2972 1892 3037 mendo
1942 2972 2223 3054 quodam
2273 2972 2484 3038 desint
2529 2972 2592 3036 in
2649 2972 3020 3037 recensione

681 3076 924 3142 codicis
985 3076 1081 3142 U*
1130 3099 1215 3142 an
1276 3077 1529 3142 omnino
1596 3097 1943 3161 numquam
2008 3080 2072 3143 in
2139 3079 2261 3144 hac
2327 3079 2698 3144 recensione
2761 3077 3018 3160 fuerint,

680 3181 796 3247 sed
844 3182 910 3246 in
955 3183 1327 3248 recensione
1375 3184 1517 3249 sola
1562 3184 1858 3249 codicum
1906 3184 2086 3249 UMP
2134 3183 2421 3251 additae.

892 3307 1052 3392 Cap.
1105 3308 1188 3372 14
1234 3314 1273 3391 ἓ
1322 3309 1363 3371 4
1410 3308 1599 3373 affert
1646 3309 2051 3394 sententiam,
2102 3329 2268 3391 quae
2324 3309 2390 3373 in
2449 3309 2816 3374 universum
2883 3308 3020 3390 agit

682 3416 758 3476 ⁴112.
834 3416 1063 3497 hurbis,
1132 3433 1325 3495 quam
1389 3415 1581 3481 Plin„
1621 3415 1683 3480 h.
1734 3436 1795 3481 n.
1846 3416 2122 3500 XXVII,
2176 3416 2303 3480 144
2349 3416 2628 3501 recepit:
2697 3435 2797 3497 ,ne
2858 3414 3019 3479 illud

682 3524 938 3600 ‹quinia-n·
1010 3520 1368 3605 dubitatur,
1438 3521 1719 3587 omnium
1784 3522 2077 3586 radicum
2143 3523 2267 3588 vim
2337 3523 2734 3604 effectusque
2798 3521 3016 3605 minui,

682 3632 730 3692 si
810 3628 1051 3691 srmxtns
1129 3627 1306 3712 prius
1384 3634 1880 3712 ematurescant,
1958 3629 2110 3693 item
2191 3629 2504 3694 seminum
2571 3636 2719 3694 ante
2796 3627 3018 3693 radice

686 3740 906 3816 prr-pla:
922 3756 942 3792 t·
1014 3752 1234 3797 sucum
1293 3733 1540 3800 incisa‘.
1654 3733 1941 3817 Legerat
2007 3733 2204 3818 igitur
2272 3734 2438 3800 hanc
2507 3734 2886 3801 sententiam
2952 3734 3017 3798 in

686 3840 1170 3924 'l'lwupln-asteo
1219 3860 1333 3905 suo
1382 3841 1756 3926 exemplari.
1852 3843 2097 3906 Tamen
2159 3841 2241 3906 de
2302 3861 2492 3908 sensu
2554 3842 2818 3907 additae
2879 3861 3020 3906 sen-

686 3948 918 4008 1111111111.ι
990 3945 1451 4017 dubitaverim:
1545 3948 1638 4011 ὅτι
1712 3949 1765 4012 ὁ·
1819 3951 2061 4026 καρπὸς
2143 3949 2366 4026 ὅμοιος
2437 3950 2731 4031 σησάμῳ,
2827 3968 3018 4030 quam

690 4056 926 4116 Plinius
974 4073 1099 4117 non
1144 4052 1411 4139 recepit.
1506 4054 1726 4131 Quid?
1776 4055 1947 4137 quod
1999 4055 2233 4120 dicitur
2281 4057 2374 4119 ὅτι
2424 4056 2460 4119 ὁ
2510 4044 2751 4134 καρπὸς
2797 4055 3019 4132 ὅμοιος

686 4164 978 4240 utqui-inm,
1028 4179 1193 4242 quae
1241 4161 1441 4225 verba
1487 4182 1613 4226 non
1662 4161 2035 4228 confirmare
2093 4162 2390 4228 videntur
2454 4181 2622 4243 quae
2682 4159 3016 4247 praecedit

682 4268 1080 4347 aunfflltiam,
1131 4266 1304 4348 quod
1350 4266 1622 4332 formula
1671 4267 1765 4332 ὅτι
1814 4268 1969 4332 nihil
2031 4269 2343 4354 explicari
2405 4267 2662 4333 videtur
2713 4267 2854 4351 nisi,
2904 4287 3019 4331 cur

686 4376 1037 4436 μου-1111111111·
1083 4372 1446 4438 helleborus
1494 4376 1913 4453 σησαμώδης.
2020 4375 2172 4440 Sine
2232 4374 2363 4439 ulla
2425 4393 2627 4440 causa
2681 4380 2816 4438 tota
2879 4392 3019 4438 sen-

686 4484 878 4551 tentia.
934 4481 1238 4571 repetitur
1287 4501 1369 4547 ex
1417 4481 1477 4547 h.
1526 4483 1612 4572 pl.
1662 4483 1780 4568 IX,
1829 4483 1892 4569 9,
1941 4484 2014 4553 2:
2081 4483 2118 4550 ὁ
2167 4487 2238 4551 δὲ
2284 4484 2618 4565 ἐλλέβορος
2678 4483 2774 4550 ἐπὶ
2820 4481 3018 4549 ταύτὰ
