3409 5342
609 513 883 595 25..-

153 708 288 798 uerbis:
314 709 527 788 Θεόφραστος
551 708 614 772 δ’έν
639 702 771 792 δευτέρᾳ
795 713 907 788 φυτιίιν
931 707 1075 786 ἱστορίας
1090 710 1181 788 φησί,
1199 728 1333 791 quarum

164 822 272 881 tamen
295 815 328 879 in
351 815 453 879 altero
477 814 577 881 nostri
601 814 818 899 Theophrasti
850 814 933 879 libro
964 813 1119 879 historiae
1151 815 1333 899 plantarum

164 943 205 988 ne
228 922 399 1006 vestigium
415 921 544 1004 quidem
561 921 705 987 invenire
722 921 865 1006 possis),
882 921 1018 1006 primam
1035 922 1181 1005 eclogam
1203 916 1336 987 exhibet

164 1031 351 1096 Athenaeus
374 1030 424 1095 Ill
447 1051 480 1114 p.
506 1030 558 1114 ti,
583 1050 612 1114 a,
638 1029 760 1095 Plinius
784 1029 815 1096 h.
839 1051 871 1095 n.
894 1028 966 1113 XV,
992 1029 1058 1095 to:
1214 1044 1215 1047 ’

236 1156 450 1235 Θεόφραστος
489 1153 552 1217 δ’ἐν
591 1156 722 1236 δευτέρᾳ
844 1160 893 1219 cst
928 1160 960 1218 et
993 1203 1085 1220 .....
1110 1151 1224 1219 Aratia
1257 1153 1334 1218 alba

164 1268 275 1344 φυτῶν
315 1261 458 1340 ἱστορίας
495 1265 603 1325 συκῶν
638 1278 720 1340 φησι
776 1260 926 1345 pediculo
939 1259 1078 1344 minimo,
1091 1259 1331 1328 latissima...

163 1372 257 1449 γένος
278 1368 424 1433 τοιοῦτόν
446 1388 475 1430 τι
505 1361 583 1429 εἶναι
607 1365 676 1430 οἷον
700 1368 718 1445 ἡ

162 1476 317 1555 Ἀράτειος
340 1476 525 1553 καλουμένη.

271 1600 457 1665 Athenaeus
481 1599 611 1681 quidem
634 1598 712 1663 nihil
735 1598 797 1665 uisi
820 1619 935 1665 nomen
959 1599 1091 1683 arboris,
1115 1598 1236 1665 Plinius
1254 1618 1331 1664 vero

164 1716 196 1774 et
220 1707 468 1793 descriptionem
493 1705 656 1789 quandam
681 1707 784 1774 aii‘ert.
823 1708 864 1771 de
898 1706 1051 1791 caprifico
1084 1713 1217 1790 uterque
1245 1727 1330 1772 eom«

164 1816 260 1901 plura
283 1821 403 1899 narrat,
428 1813 614 1879 Athenaeus
638 1814 687 1877 ΙΙΙ
711 1835 743 1898 p.
769 1815 809 1879 ii
835 1834 863 1899 e,
887 1812 1009 1879 Plinius
1033 1812 1064 1880 h.
1088 1834 1118 1879 n.
1135 1814 1227 1898 XVI,
1244 1814 1331 1884 ‚1142

281 1940 357 2007 Ath.
382 1940 442 2005 ΙΙΙ.
466 1962 497 2024 p.
523 1940 601 2007 tte.
848 1939 931 2005 Plin.
955 1939 987 2006 h.
1011 1959 1042 2005 n.
1065 1939 1154 2024 XVI,
1181 1940 1255 2006 114.

163 2068 198 2131 έν
227 2070 263 2130 δὲ
286 2072 330 2149 τῷ
357 2065 494 2146 δευτέρῳ
517 2065 588 2141 περὶ
608 2070 719 2143 φυτῶν
775 2070 849 2130 suut
873 2070 905 2129 ct
928 2064 1051 2130 biferae
1081 2064 1114 2130 in
1143 2065 1263 2150 isdem3
1298 2065 1332 2130 in

163 2173 421 2253 ὁθεόφραστος
444 2172 494 2233 καὶ
518 2173 574 2234 τὸν
598 2171 719 2249 ἐρινεὸν
775 2171 840 2237 Ceo
879 2171 985 2238 insula
1024 2172 1168 2258 caprifici
1199 2172 1330 2239 trilerae

162 2274 240 2343 εἶναί
264 2294 347 2358 φησι
372 2279 518 2357 δίφορον,
551 2277 581 2340 οἱ
610 2280 718 2341 δὲκαὶ
774 2287 859 2343 sunt.

160 2387 317 2466 τρίφορον
341 2384 452 2463 ὥσπερ
477 2385 510 2447 ἐν
536 2384 611 2468 Κέῳ.

267 2507 356 2593 apud
379 2508 582 2573 Athenaeum
607 2509 751 2590 sequitur
774 2516 841 2574 tum
866 2511 1043 2577 sententia:

161 2635 195 2698 ἐν
220 2637 256 2697 δὲ
278 2640 322 2717 τῷ
345 2633 483 2716 δευτέρῳ
504 2638 561 2710 τῆς
586 2638 719 2713 φυτικῆς
847 2634 929 2701 Plin.
954 2634 985 2701 h.
1009 2656 1040 2701 n.
1064 2636 1153 2722 XVI,
1180 2639 1274 2705 113..

161 2741 304 2818 ἱστορίας
334 2741 353 2803 ὁ
388 2741 575 2819 φιλόσοφός
605 2757 716 2820 φασιν·
773 2758 900 2843 insigne
916 2814 921 2823 .
937 2760 1085 2845 proditur
1122 2761 1155 2826 in
1189 2763 1328 2845 quodam

161 2848 229 2910 ἔστι
253 2848 303 2909 Καὶ
327 2846 404 2911 ἄλλο
433 2849 526 2924 γένος
550 2853 650 2925 συκῆς
680 2849 713 2912 ἕλ’
774 2886 895 2949 genere
919 2867 1061 2953 Ciliciae,
1086 2868 1195 2956 Cypri,
1221 2871 1329 2936 Hella-

159 2974 194 3016 ΤΕ
218 2954 393 3036 ΤῇἚλλάδῑ
418 2956 468 3018 Καὶ
491 2956 562 3032 Περὶ
585 2955 719 3019 Κῑλῑκῖαν
774 2972 824 3038 dis
838 2973 917 3040 ficos
930 2975 988 3040 sub
1001 2975 1090 3061 folio,
1105 2995 1235 3059 grossos
1251 2998 1327 3043 vcro

159 3062 211 3124 καὶ
254 3061 377 3140 Κύπρον
419 3061 652 3141 ὀλονθοφόρον,
699 3062 718 3125 ὃ
772 3087 849 3165 pm·
869 3081 979 3146 folium
1003 3083 1124 3167 naseu)

158 3171 196 3233 τὸ
224 3173 280 3247 μὲν
307 3174 408 3233 σῦκον
437 3169 598 3247 ἔμπροσθε
626 3171 716 3249 φέρει

157 3280 216 3340 τοῦ
240 3278 340 3355 θρίου,
370 3278 408 3340 τὸ
433 3279 468 3339 δὲ
491 3274 628 3340 ὄλονθον
652 3276 716 3342 έξό·

158 3388 273 3446 πισθεν
298 3384 330 3446 αἳ
353 3386 389 3446 δέ
410 3383 494 3460 ὅλως
518 3383 551 3445 ἐκ
567 3386 623 3445 τοῦ
643 3383 717 3446 ἔνου

158 3494 300 3570 βλαστοῦ
324 3491 373 3553 καὶ
403 3490 461 3553 οὐκ
490 3490 524 3554 ἐκ
551 3493 608 3553 τοῦ
631 3491 715 3565 νέου,

156 3601 286 3675 πρῶτον
317 3600 352 3660 δὲ
384 3601 477 3661 τοῦτο
509 3601 574 3661 τῶν
607 3597 714 3660 σύκων

156 3704 282 3769 πέπονά
304 3714 338 3768 τε
360 3706 411 3768 καὶ
440 3706 555 3780 γλυκὺν
578 3705 639 3784 ἔχει
663 3706 713 3768 καὶ

158 3812 216 3892 οὐχ
239 3812 349 3890 ὥσπερ
371 3814 428 3877 τὸν
442 3811 515 3890 παρ’
536 3813 617 3890 ἡμῖν,
634 3813 713 3887 γίνε-

155 3940 206 3983 ται
232 3923 268 3983 δέ
294 3920 346 3982 καὶ
376 3920 490 3996 μείζων
515 3919 609 3998 οὗτος
631 3922 712 3983 πολὺ

153 4027 403 4106 retrodicturi
429 4026 526 4105 δ’ὥρα
557 4027 634 4105 μετὰ
656 4030 712 4106 τήν

156 4134 333 4215 βλάστησιν
357 4134 395 4198 οὐ
415 4135 507 4199 πολύ.

264 4298 287 4364 1)
308 4296 410 4351 Mirari
430 4312 504 4351 sane
523 4298 594 4352 licet
613 4297 694 4367 quod
712 4313 752 4352 ne
770 4299 802 4352 in
830 4300 1010 4369 fragmentis
1036 4298 1158 4369 quidem
1185 4299 1323 4355 Wimme-

154 4388 262 4442 rianae
282 4386 421 4440 editionis
440 4387 605 4457 vestigium
624 4388 754 4443 inveniri
772 4391 875 4458 possit.

262 4476 286 4543 ²)
306 4474 387 4531 Sane
424 4478 519 4546 primo
558 4477 688 4545 quisque
725 4479 835 4533 obtutu
862 4479 1021 4549 intelleget
1058 4483 1073 4543 ξ
1102 4479 1155 4533 113
1191 4478 1323 4534 Plinium

155 4566 296 4621 attulisse
315 4566 485 4638 complures
505 4568 671 4624 sententias
690 4567 888 4644 Theophrasti
907 4568 945 4623 de
963 4570 1067 4645 pomis,
1090 4568 1139 4622 fici
1157 4568 1323 4644 prodromis
1375 4614 1377 4617 .
