3409 5342
637 503 856 567 ..27-

778 694 823 772 ελς
847 695 991 759 ἐνιαυτὸν
1014 692 1110 769 όγειν,
1135 695 1185 758 καὶ
1210 695 1292 771 τὰς·

776 802 886 878 δόσεις
898 801 1113 879 εὐβοηθήτους
1122 793 1201 865 εἶναι
1217 849 1224 864 .
1238 850 1245 863 .
1259 849 1266 864 .

774 910 811 974 τὸ
851 911 888 972 δὲ
919 907 1065 972 ἀκόνιτον
1087 906 1264 986 ’ἄχρηστον
1279 907 1331 990 §l

775 1016 886 1094 ὥσπερ
901 1013 1020 1094 εἴρηται
1035 1017 1103 1091 τοῖς
1118 1016 1158 1091 μὴ
1179 1012 1266 1076 ἐπισ-
1334 1029 1337 1035 ’

774 1123 929 1200 ταμὲνοις
954 1121 1030 1187 οὐδὲ
1044 1125 1213 1199 κεκτῆσθαι
1230 1122 1267 1183 δὲ

775 1228 888 1294 ἐξεῖναι
922 1228 1002 1292 ἀλλὰ
1035 1227 1174 1292 θάνατον
1209 1229 1266 1305 τὴν

775 1337 895 1415 ζημίαν·
919 1338 976 1414 τὴν
1000 1339 1036 1400 δὲ
1058 1339 1124 1399 τῶν
1140 1334 1284 1414 χρόνων

774 1444 936 1522 διαφορὰν
969 1441 1154 1508 ἀκολουθεῖν
1187 1442 1266 1505 κατὰ
1321 1476 1334 1483 «ν

773 1550 831 1627 τὰς
869 1550 1036 1627 συλλογὰς·
1077 1549 1266 1628 ἰσοχρόνους

772 1658 833 1736 γὰρ
852 1659 928 1734 τοὺς
943 1657 1102 1735 θανάτους
1119 1656 1264 1732 γίνεσθαι

772 1767 839 1840 τοῖς
864 1764 927 1844 ᾀπὸ
941 1768 998 1843 τῆς
1011 1767 1170 1841 συλλογῆς
1192 1760 1263 1840 χρό-

771 1891 849 1948 νοις.

290 1282 414 1366 reliqua
438 1305 499 1350 om.
525 1283 572 1350 U*

267 2079 494 2167 Schneiderus,
530 2103 624 2165 quem
658 2084 806 2150 omnibus
841 2083 909 2148 iere
943 2083 1039 2149 rebus
1074 2081 1244 2166 diligenter
1276 2101 1330 2147 ex-

158 2186 291 2272 scripsit
300 2187 503 2274 Wimmerus,
520 2190 660 2255 omnium
676 2189 824 2256 codicum
839 2190 993 2256 lectiones
1008 2189 1040 2254 in
1057 2208 1154 2254 uuum
1167 2187 1331 2255 coniunxit

157 2313 218 2358 nec
241 2294 395 2379 respexit,
418 2315 495 2360 num
518 2304 626 2362 rectus
658 2316 771 2362 sensus
800 2297 952 2363 eveniret.
999 2296 1085 2362 Sane
1108 2295 1208 2381 peior,
1233 2314 1329 2377 quam

159 2399 294 2466 dicimus
310 2403 540 2487 recensionem,
565 2404 664 2468 multo
681 2404 817 2489 amplior
831 2411 891 2470 est.
924 2402 1065 2469 Exhibet
1081 2401 1331 2487 descriptionem

157 2506 227 2572 lolii
258 2514 291 2573 et
323 2507 442 2574 radicis
476 2509 604 2594 aconiti,
638 2529 711 2574 cum
741 2511 790 2576 U*
813 2510 952 2575 fructum
983 2517 1016 2575 et
1051 2510 1195 2595 plantam
1226 2508 1330 2594 ipsam

159 2612 333 2699 describat,
357 2615 445 2697 quod
468 2617 572 2685 altera
594 2619 782 2700 recensione
804 2617 969 2683 omittitur.
1016 2617 1053 2681 In
1081 2616 1213 2699 reliquis
1239 2615 1329 2682 codi-

158 2720 249 2787 cibus
272 2728 340 2786 tum
363 2722 466 2788 fusius
491 2724 671 2810 exponitur,
697 2724 857 2808 quomodo
881 2723 1043 2791 aconitum
1068 2722 1248 2809 parandum
1271 2722 1333 2812 ssit,

157 2828 262 2911 qualis
285 2828 354 2895 eius
378 2830 523 2897 effectus.
559 2833 641 2896 Tum
666 2832 771 2897 subito
796 2833 865 2899 sine
889 2832 955 2897 ulla
978 2851 1078 2896 causa
1101 2831 1213 2916 planta
1230 2849 1327 2912 quae-

157 2934 233 3000 dam
256 2938 382 3001 nomine
407 2937 614 3022 ephemerum
638 2937 840 3005 describitur.
881 2938 973 3017 Quae
989 2945 1056 3004 tum
1073 2937 1156 3003 duae
1177 2944 1329 3003 secuntur

156 3041 334 3106 sententiae
367 3047 477 3108 tantas
510 3043 553 3108 ad
584 3043 813 3129 explicandum
843 3044 1001 3129 praebent
1039 3043 1262 3128 difficultates,
1292 3050 1328 3108 ut

156 3146 264 3212 adhuc
286 3167 379 3213 nemo
403 3149 605 3217 intellexerit.
653 3150 840 3217 Consedere
859 3151 955 3215 velim
971 3158 1003 3216 et
1019 3150 1188 3217 lectionem
1205 3150 1327 3216 codicis

155 3254 204 3318 U*
240 3253 445 3321 difficultates
482 3256 646 3340 exhibere,
683 3264 792 3322 tamen
829 3277 932 3322 nexus
982 3257 1213 3323 sententiarum
1256 3257 1327 3342 ipse

154 3360 302 3425 turbatus
325 3382 388 3427 non
411 3361 548 3427 videtur.
595 3366 825 3448 §tiberiensi
849 3368 886 3428 δὲ
916 3368 983 3442 τοῖς
1013 3365 1233 3442 ἑνεγκαμὲνοις
1266 3363 1327 3428 λου

155 3487 252 3532 unum
275 3468 437 3551 significat
460 3469 516 3557 (ad
540 3471 770 3556 explicandum
793 3471 833 3538 cl.
859 3472 889 3538 h.
914 3473 958 3557 pl.
982 3472 1041 3551 IX,
1068 3472 1118 3555 17,
1136 3472 1156 3536 3
1173 3471 1269 3550 οὗτός
1290 3493 1326 3547 γε

156 3576 305 3653 βοήθειαν
320 3578 651 3656 παρασκευασάμενος
675 3580 834 3665 κατὲσχε);
860 3585 945 3661 ,sunt
959 3585 1067 3643 autem
1083 3577 1226 3643 remedia
1243 3577 1324 3662 (scil.

153 3680 211 3746 eis‘
229 3681 283 3763 qui
298 3701 408 3747 secum
422 3690 562 3767 portant,
588 3685 642 3767 qui
657 3686 980 3764 παρασκευασάμενοι
997 3687 1196 3768 κατέχουσιν)
1213 3691 1341 3777 οουλια1

153 3786 337 3853 aconitum‘.
383 3789 575 3874 Explicatur
599 3798 666 3855 tum
689 3791 770 3857 haec
793 3792 968 3858 sententia:
1002 3813 1088 3876 ,nam
1111 3791 1195 3857 servi
1225 3812 1324 3878 saepe

152 3892 227 3957 irati
259 3913 296 3958 eo
330 3894 379 3959 usi
409 3903 525 3981 postca
555 3904 762 3982 sanaverunt,
794 3899 878 3963 effici
908 3898 993 3963 enim
1023 3904 1140 3983 potest,
1172 3906 1206 3964 ut
1238 3920 1323 3965 mors

152 3999 239 4063 lente
271 4019 377 4082 neque
409 4002 527 4085 statim,
559 4002 618 4068 sed
647 4005 744 4088 longo
775 4005 881 4090 spatio
912 4005 1065 4090 temporis
1095 4005 1225 4090 veniat‘,
1256 4013 1323 4072 tum

152 4106 326 4188 legendum
356 4109 383 4173 εἰ
417 4113 457 4189 μή
492 4110 554 4190 ἄρα
589 4112 821 4191 εὐθεράπευτον
856 4114 909 4177 διὰ
943 4116 979 4178 τὸ
1012 4108 1091 4178 εἶναι
1126 4115 1176 4178 καὶ
1207 4129 1323 4177 κατασ-

152 4217 310 4279 κευαστὸν
345 4216 391 4294 ὡς
425 4221 482 4283 δεῖ.
538 4218 641 4295 Quem
676 4239 804 4285 sensum
840 4221 869 4286 si
902 4222 1116 4306 enucleamus,
1151 4220 1230 4285 nihil
1261 4220 1322 4286 nisi

152 4320 340 4406 ampliorem
363 4322 448 4387 hanc
471 4324 686 4390 narrationem
718 4325 825 4393 reddit
856 4328 960 4393 altera
983 4328 1136 4413 recensio,
1163 4348 1235 4394 cum
1267 4347 1322 4393 ex·

151 4433 262 4511 ponat,
296 4428 457 4509 quomodo
490 4431 652 4496 aconitum
685 4431 727 4498 sit
759 4433 951 4519 parandum,
989 4442 1022 4500 ut
1057 4442 1164 4501 rectus
1187 4433 1321 4500 effectus

152 4532 290 4601 eveniat.
338 4535 422 4600 Tum
446 4556 530 4620 quae
553 4545 730 4621 sequuntur
753 4540 861 4605 omnia
884 4540 1079 4627 interpolata
1113 4561 1183 4610 esse
1211 4541 1320 4608 viden·
