3409 5342
810 500 1031 579 ..62-

280 754 284 761 -
334 701 512 772 Alexandri
535 708 727 793 scriptorum
751 728 786 775 ss
809 709 916 776 redire
940 710 1086 776 affirmet.
1125 709 1222 774 Haud
1247 704 1418 776 verisimile
1439 724 1505 773 orn-

334 813 409 880 nino
431 813 642 881 indicaverim
661 816 780 881 Jubam
802 816 901 883 libros
917 816 1159 902 Theophrastos
1175 816 1406 901 adsumpsisse,
1424 835 1506 898 quos

335 920 423 1006 apud
446 922 534 1006 ipsos
557 922 753 1007 phytologos
777 930 809 988 et
832 923 976 990 medicos
999 922 1162 989 rarissime
1186 922 1334 988 adbiberi
1349 922 1504 988 vidimus:

335 1029 421 1093 nnIei
444 1028 647 1112 grammatici
663 1031 775 1112 graeei
791 1032 860 1097 eins
876 1031 977 1097 libros
993 1030 1210 1115 excutiebant,
1235 1050 1316 1112 quos
1331 1048 1505 1111 numquam

335 1136 486 1219 vulgares
515 1135 630 1220 fuisse,
669 1156 796 1222 semper
832 1139 874 1201 ad
912 1136 1020 1203 studia
1056 1135 1281 1222 philosophica
1313 1135 1507 1221 pertinuisse

336 1242 525 1327 putaverim.
560 1243 733 1328 Experiere
757 1250 885 1329 poterat
908 1245 1004 1329 Juba,
1029 1244 1083 1327 qui
1108 1244 1230 1334 eisdem
1253 1244 1321 1309 fere
1344 1243 1377 1307 in
1401 1249 1505 1308 exter·-

335 1348 386 1414 nis
408 1347 594 1433 regionibus
624 1356 723 1432 atque
746 1348 991 1436 Theophrastus
1020 1369 1097 1416 usus
1126 1356 1175 1416 est
1204 1350 1361 1434 fontibus,
1389 1349 1508 1415 similia

337 1462 434 1536 atque
458 1455 712 1540 Theophrastus,
737 1456 837 1521 multa
861 1456 958 1522 etiam
982 1457 1149 1541 ampliora,
1174 1476 1258 1539 quae
1281 1463 1348 1520 tum
1372 1455 1506 1537 Plinius,

337 1561 460 1626 simodo
484 1560 513 1626 ei
537 1561 724 1627 verisimilia
746 1562 949 1647 videbantur,
974 1562 1061 1644 quod
1085 1583 1147 1627 non
1171 1563 1289 1645 ubique
1309 1561 1507 1646 factumest,

337 1668 508 1734 adsumere
532 1675 669 1753 poterat.

443 1773 552 1840 Libris
575 1775 641 1839 XII
665 1783 697 1841 et
715 1776 798 1840 XIII
821 1776 848 1841 si
872 1776 977 1862 ipsum
1001 1775 1262 1860 Theophrastum
1286 1797 1306 1839 a
1325 1774 1428 1839 Plinio
1452 1794 1508 1838 sx-

338 1902 466 1948 cussum
491 1901 562 1947 esse
585 1883 802 1968 probavimus,
828 1904 891 1948 non
914 1884 1060 1967 tangitur
1085 1891 1193 1948 tamen
1221 1884 1325 1948 altera
1348 1881 1509 1965 quaestio,

339 1988 1510 2075 utrumPlininsetiaminaIiislibrisipsumTheophrastiopusadhibuerit

339 2117 381 2160 an
403 2115 462 2180 per
485 2096 583 2160 aliurn
607 2105 772 2163 sanctorem
796 2116 834 2162 eo
859 2117 935 2164 usus
958 2098 1000 2163 sit
1016 2098 1076 2182 (sic
1092 2098 1261 2163 Munnerus
1276 2099 1298 2164 I.
1313 2097 1335 2163 l.
1352 2119 1384 2182 p.
1399 2098 1442 2161 23
1458 2117 1509 2178 sq.

220 2250 221 2253 ,
339 2202 521 2287 suspicatur
543 2204 625 2268 libro
650 2202 680 2270 h.
705 2225 735 2270 n.
752 2205 813 2269 XV
838 2203 976 2270 Plinium
999 2224 1058 2290 per
1082 2204 1220 2289 Celsum,
1245 2203 1327 2269 libro
1347 2203 1428 2268 XXI
1449 2223 1510 2287 per

339 2311 422 2375 alius
457 2310 640 2394 cuiusdam,
677 2311 816 2377 fortasse
845 2310 949 2376 Sextii
979 2312 1073 2395 Nigri
1108 2312 1149 2376 de
1184 2312 1374 2396 phytologia
1409 2311 1511 2376 libros

339 2435 458 2500 graece
500 2423 675 2502 conceptos
721 2416 909 2484 adhibuisse
947 2417 1163 2502 Theophrasti
1200 2423 1323 2503 opera).
1386 2417 1512 2494 Quodsi

340 2524 459 2609 probas
489 2524 758 2607 Alexandrinam,
790 2545 887 2607 qnam
918 2524 1058 2592 dlximus
1090 2524 1307 2610 Theophrasti
1337 2524 1511 2590 editionem

340 2630 527 2696 adhibuisse
551 2631 699 2714 Plinium,
724 2631 862 2698 fortasse
886 2638 918 2697 et
941 2632 1073 2697 meliore
1096 2632 1166 2696 iure
1189 2652 1286 2714 quam
1302 2632 1513 2717 Sprengelins

341 2737 456 2820 Jubac,
481 2737 554 2802 hnic
577 2737 691 2803 seriem
716 2739 907 2823 scriptorum
927 2758 1032 2803 rernm
1049 2737 1236 2824 Alexandri,
1261 2739 1362 2821 quiin
1377 2739 1513 2803 elencho

341 2844 427 2909 librr.
452 2844 517 2908 XII
542 2845 679 2908 et'XIII
704 2851 821 2924 exstat,
844 2845 987 2910 tribuere
1010 2846 1116 2911 velim.
1153 2845 1380 2911 Alexandrinis
1404 2866 1513 2927 gram-

341 2950 477 3035 maticis,
502 2950 556 3032 quui
580 2952 677 3016 etiam
702 2951 813 3016 borum
832 2951 931 3017 libros
946 2952 979 3015 in
997 2944 1144 3017 manibus
1161 2953 1340 3037 habuerint,
1365 2952 1514 3034 assigna-

341 3056 440 3121 verIm
465 3063 497 3120 et
520 3057 605 3121 hune
624 3057 808 3141 catalogum
825 3058 1026 3142 scriptorum,
1050 3078 1155 3140 neque
1171 3057 1304 3143 mireris,
1321 3058 1407 3140 quod
1424 3066 1516 3123 cata-

341 3164 435 3245 logus
458 3163 571 3228 horum
596 3163 788 3249 scriptorum
812 3164 1080 3249 Theophrasteae
1111 3165 1244 3230 editioni
1274 3164 1516 3251 praemittatur,

342 3290 414 3334 curn
437 3271 470 3334 in
494 3269 588 3335 buius
611 3290 709 3355 opere
733 3271 923 3357 saepissime
953 3271 1080 3336 illorum
1112 3273 1231 3337 mentio
1255 3273 1328 3356 fiat,
1360 3274 1456 3336 immo
1483 3274 1517 3337 in

343 3376 458 3458 quibus
481 3383 549 3441 tota
573 3377 788 3461 expeditionis
812 3377 990 3444 Alexandri
1014 3379 1125 3462 Magni
1150 3380 1261 3444 nititur
1284 3378 1455 3462 expositio.

345 3484 374 3529 Oa
