3409 5342
1647 491 2079 555 -10—

696 685 1207 771 ginta-quinque
1254 689 1605 753 sententias
1654 689 1967 773 excerpit,
2016 689 2248 771 quibus
2296 707 2551 772 semper
2598 686 3029 772 Theophrasti

699 791 981 861 auctoris
1021 814 1252 861 nomen
1292 794 1495 879 addit,
1528 815 1653 860 non
1686 795 1860 860 idem
1891 803 1990 862 est
2023 803 2218 879 atque
2256 802 2474 861 noster
2507 794 3033 880 Theophrasteus

698 905 935 985 textus,
986 900 1103 968 sed
1150 900 1375 967 similis
1421 899 1592 967 illius
1640 922 1767 984 quo
1814 902 2059 968 Plinius
2107 922 2257 969 usus
2307 909 2424 968 est.
2518 901 2828 967 Omnibus
2888 901 3031 966 aliis

696 1006 876 1092 locis,
926 1028 1085 1091 quos
1134 1027 1510 1073 enumerare
1558 1007 1952 1094 superfluum
1985 1016 2082 1074 est
2130 1010 2238 1094 (ct.
2268 1009 2548 1074 indicem
2578 1007 3031 1078 Kaibelianum

697 1114 1015 1180 Athenaei
1063 1135 1113 1182 s.
1144 1136 1206 1179 n.
1241 1115 1756 1201 Theophrastus)
1791 1115 2108 1195 Athenaei
2156 1117 2358 1182 verba
2406 1135 2550 1180 cum
2583 1115 3032 1201 Theophrasto

699 1229 763 1287 et
808 1221 1015 1287 Plinio
1064 1224 1489 1289 consentiunt.

910 1345 1207 1429 vestigia
1270 1345 1459 1411 huius
1530 1345 2010 1431 discrepantiae
2077 1353 2141 1411 et
2211 1347 2388 1432 apud
2454 1347 2617 1412 alios
2687 1347 3035 1432 scriptores

698 1451 968 1517 inveniri
1012 1452 1182 1517 inira
1226 1452 1431 1518 fusius
1478 1452 2081 1519 demonstrabimus.
2174 1455 2394 1519 Pauca
2441 1454 2741 1539 exempla
2773 1453 2875 1518 hic
2905 1454 3034 1518 iam

699 1558 931 1624 afferre
1004 1559 1220 1626 liceat.
1343 1559 1714 1626 Scholiasta
1791 1558 1877 1625 ad
1953 1560 2268 1627 Nicandri
2345 1561 2690 1646 Theriaca,
2769 1583 2829 1626 v.
2900 1560 3031 1626 596

698 1664 966 1731 adnotat
990 1666 1068 1751 '):
1133 1667 1560 1747 Θεόφραστος
1607 1671 1678 1731 δὲ
1725 1669 1887 1743 λέγει
1935 1670 2007 1731 τὸ
2057 1668 2484 1744 ἱπποσέλινον,
2534 1669 2570 1731 ὃ
2618 1670 2718 1731 καὶ
2779 1669 2846 1732 ἐν
2904 1671 3036 1745 τοῖς

696 1774 1054 1852 πετρώδεσι
1103 1774 1323 1851 τόποις
1367 1776 1655 1850 γίνεσθαί
1704 1791 1888 1854 φησι.
1965 1773 2455 1860 Theophrastus
2503 1775 2763 1860 copiose
2810 1775 3034 1859 hippo-

698 1878 968 1946 selinum
1034 1880 1419 1966 plantasque
1484 1880 1776 1947 eiusdem
1839 1880 2095 1962 generis
2163 1881 2470 1947 describit
2530 1882 2591 1947 h.
2635 1882 2728 1967 pl.
2778 1882 2920 1965 VII,
2970 1881 3034 1966 6,

698 1987 740 2051 3
787 2006 928 2069 sqq.
1024 1987 1122 2051 De
1168 1986 1350 2071 locis,
1412 1988 1521 2052 ubi
1571 1994 1870 2052 seruntur
1916 1988 2019 2053 vel
2066 1994 2420 2053 nascuntur
2465 1988 2620 2053 nihil
2669 1988 2825 2053 dicit
2877 1987 3032 2054 nisi:

698 2092 922 2174 φύεται
956 2097 1027 2158 δὲ
1058 2093 1297 2172 ὁμοίως
1342 2099 1687 2173 πανταχοῦ.
1782 2095 1857 2158 In
1905 2094 2292 2160 scholiastae
2341 2095 2696 2180 exemplari
2729 2093 3037 2179 scriptum

698 2207 874 2266 erat:
925 2202 1151 2281 φύεται
1197 2201 1302 2266 vel
1348 2202 1582 2276 γίνεται
1634 2204 1704 2264 δὲ
1752 2203 1852 2264 καὶ
1902 2203 1970 2265 ἐν
2014 2202 2369 2280 πετρώδεσι
2416 2203 2652 2279 τόποις.
2723 2202 2883 2266 Cum
2911 2201 3035 2265 hac

695 2308 972 2373 lectione
1041 2308 1448 2373 conferamus
1517 2308 1680 2374 Plin.
1753 2307 1815 2377 h.
1891 2329 1952 2374 n.
2023 2308 2208 2392 XIX,
2284 2310 2444 2375 163:
2523 2308 3037 2396 „hipposelinum

697 2421 950 2481 veteres
998 2421 1468 2500 praeceperant
1515 2415 1577 2479 in
1637 2415 1848 2480 locis
1909 2415 2296 2500 incultis,
2367 2415 2790 2501 lapidosis
2853 2417 3037 2480 iuxta

695 2521 1047 2587 maceriam
1093 2522 1281 2588 seri.“
1379 2521 1505 2600 Qui
1536 2528 1790 2589 veteres
1822 2523 2060 2588 fuerint
2087 2523 2362 2589 fortasse
2396 2522 2756 2608 apparebit,
2787 2521 3036 2588 simodo

697 2629 1100 2714 sententiam,
1172 2650 1339 2712 quae
1408 2631 1763 2716 praecedit,
1834 2632 2138 2717 perlegis,
2209 2632 2272 2696 in
2345 2652 2473 2714 qua
2545 2633 2626 2695 de
2696 2636 2834 2697 tota
2917 2651 3038 2696 sua

697 2738 1082 2824 hipposelini
1129 2739 1562 2825 descriptione
1611 2740 1802 2806 dicit:
1875 2748 2268 2828 „auctorque
2333 2746 2432 2805 est
2478 2738 3030 2824 TheophrastUS.“

696 2846 926 2927 Itaque
974 2846 1169 2911 etiam
1214 2845 1281 2910 in
1310 2845 1798 2931 Theophrasteo
1848 2846 2203 2931 exemplari
2235 2866 2317 2911 ex
2349 2866 2475 2928 quo
2508 2845 2804 2910 Pliniana
2835 2845 3038 2910 verba

696 2959 955 3038 sumpta
1022 2959 1189 3038 sunt',
1261 2952 1563 3018 exstabat
1631 2953 1857 3020 similis
1926 2954 2251 3019 sententia
2327 2961 2524 3037 atque
2601 2953 3031 3018 scholiastae:

698 3059 1106 3124 ἱπποσέλινον
1153 3060 1378 3139 φύεται
1427 3062 1527 3123 καὶ
1576 3061 1644 3125 ἐν
1688 3062 2045 3139 πετρώδεσι
2092 3061 2398 3143 τόποις’),
2446 3061 2511 3124 in
2559 3067 2777 3125 nostro
2820 3065 3037 3124 autem

697 3165 1148 3250 Theophrasto
1180 3185 1349 3229 nunc
1376 3165 1578 3231 deest.
1648 3166 1751 3231 De
1780 3167 1901 3231 hoc
1925 3167 2067 3231 loco
2092 3166 2263 3231 infra
2284 3166 2517 3231 iterum
2543 3165 3036 3251 disputabimus,

703 3368 709 3373 ,
908 3291 1091 3358 Idem
1137 3291 1488 3357 scholiasta
1535 3292 1621 3357 ad
1668 3315 1729 3358 v.
1779 3293 1909 3358 856
1947 3293 2249 3358 adnotat:
2297 3297 2410 3357 τοῦ
2445 3297 2516 3356 δὲ
2548 3293 2802 3372 φλόμου
2832 3293 3037 3371 φησὶν

698 3399 1120 3478 Θεόφραοτος
1167 3399 1284 3463 δύο
1332 3398 1466 3478 εἴδη
1519 3394 1694 3475 εἶναι,
1745 3399 1937 3478 ἄρρεν
1983 3402 2083 3463 καὶ
2133 3403 2308 3478 θῆλυ.
2402 3399 2544 3464 Uno
2584 3399 2721 3465 solo
2782 3398 2923 3463 loco
2970 3397 3038 3462 in

697 3504 1129 3591 Theophrasti
1160 3504 1340 3570 libris
1373 3506 1606 3571 mentio
1640 3506 1831 3571 huius
1862 3507 2145 3591 plantae,
2177 3527 2344 3589 quae
2370 3507 2621 3586 φλόμος
2646 3505 3033 3591 appellatur,

696 3616 785 3699 fit,
834 3614 896 3681 h.
946 3615 1033 3700 pl.
1081 3615 1198 3696 IX,
1251 3617 1353 3700 12,
1402 3616 1480 3681 3:
1534 3667 1548 3682 .
1579 3664 1633 3681 ..
1664 3667 1678 3682 .
1726 3616 1960 3694 ταύτης
2005 3618 2077 3679 τὸ
2126 3617 2369 3696 φύλλον
2417 3617 2675 3695 ὥσπερ
2733 3616 3038 3695 φλόμου

695 3726 830 3802 τῆς
895 3722 1279 3805 μελαίνης,
1349 3742 1667 3805 nusquam
1715 3742 1869 3787 vero
1934 3721 1999 3786 in
2063 3728 2281 3788 nostro
2353 3722 2613 3805 quidem
2677 3728 2860 3787 textu
2924 3721 3040 3787 illa

698 3828 1085 3894 scholiastae
1123 3829 1322 3894 verba
1353 3829 1673 3913 leguntur.
1741 3831 2034 3914 Apparet
2068 3849 2220 3899 vero
2255 3850 2335 3894 ex
2364 3829 2568 3915 ipsius
2603 3828 3038 3914 Theophrasti

704 3951 872 4016 quae
920 3933 1249 4000 attulimus
1297 3935 1515 4001 verbis
1561 3955 1762 4021 supra
1792 3936 1896 4001 vel
1929 3935 2057 4001 alio
2090 3936 2231 4001 loeo
2265 3936 2554 4021 plantam
2586 3954 2752 4017 quae
2786 3934 3040 4014 φλόμος

910 4169 955 4234 1)
996 4171 1068 4225 cf.
1108 4168 1450 4225 Nicandrea
1490 4171 1580 4225 ed.
1613 4169 1941 4225 Schneider
1978 4170 2138 4242 LipS.
2179 4170 2318 4225 1856
2356 4189 2410 4242 p.
2450 4171 2519 4225 47
2555 4173 2618 4226 in
2667 4171 2906 4227 scholiis
2961 4185 3039 4224 ex

696 4274 814 4314 rec.
853 4258 926 4313 H.
964 4257 1160 4314 Keilii.

906 4365 954 4432 2)
993 4365 1048 4420 h.
1088 4381 1144 4420 n.
1184 4363 1344 4434 XIX,
1401 4364 1505 4419 163
1542 4365 1774 4420 Plinius
1832 4367 2147 4422 coniunxit
2200 4368 2388 4421 verba
2444 4367 2843 4437 Theophrasti
2899 4380 3040 4420 cum

696 4452 1030 4508 Columella
1087 4456 1161 4508 cf.
1199 4455 1359 4508 infra
1414 4472 1467 4526 p.
1508 4454 1722 4510 46-48
1774 4460 1838 4510 et
1892 4472 2029 4510 cum
2085 4456 2485 4527 Theophrasti
2541 4457 2744 4511 verbis
2799 4457 2874 4511 cf.
2915 4456 3040 4510 alia.

692 4543 875 4618 ‚Plinii
909 4545 1097 4605 verba
1135 4559 1210 4601 ex
1246 4545 1375 4619 ipso
1414 4544 1829 4619 Theophrasto
1870 4550 2110 4621 sumpta
2147 4546 2202 4604 h.
2240 4563 2298 4606 n.
2337 4545 2498 4616 XIX,
2540 4544 2656 4605 124.
