3409 5342
1636 486 2072 551 ..12-

896 680 1039 744 Hoc
1106 678 1303 763 igitur
1371 680 1699 763 hucusque
1768 702 1886 767 pro
1956 687 2131 746 certo
2197 679 2348 766 poni
2413 678 2640 744 liceat:
2706 684 3015 742 noverant

688 792 936 852 veteres
997 785 1347 871 scriptores
1413 788 1684 853 alteram
1723 794 1966 871 ⁸textus
2015 786 2491 872 Theophrastei
2553 786 3012 868 recensionem,

686 892 866 956 enine
934 893 1213 976 vestigia
1275 893 1450 979 apud
1497 894 1794 980 Plinium,
1851 895 2274 978 Athenaeum,
2345 892 2762 978 Hesychium,
2832 890 3015 956 scho-

686 1000 938 1065 liastem
984 1000 1421 1069 Nicandreum
1468 1001 1681 1067 adhuc
1731 1002 2114 1070 deteximus

896 1123 1000 1189 Ad
1046 1124 1317 1190 alteram
1363 1131 1615 1210 partem
1663 1124 2058 1208 quaestionis
2091 1125 2527 1209 accingamur,
2577 1121 2784 1205 qualis
2823 1124 3014 1187 inter-

686 1232 877 1296 eedet
953 1230 1116 1296 ratio
1193 1231 1358 1296 inter
1433 1231 1731 1298 codicum
1804 1231 2242 1298 recensionem
2335 1237 2399 1296 et
2489 1231 2760 1296 alteram
2848 1228 3015 1294 hanc

682 1336 1082 1424 eei-iptorum.

1810 1645 1896 1711 ΙΙ.

894 1843 1056 1908 Pars
1125 1841 1290 1906 enim
1360 1841 1507 1907 libri
1577 1842 1674 1906 IX
1761 1841 2066 1908 historiae
2139 1843 2502 1928 plantarum
2582 1841 3012 1927 Theophrasti

686 1952 924 2032 duplici
971 1947 1344 2014 recensione
1390 1949 1634 2014 tradita
1680 1955 1815 2015 est:
1877 1949 2103 2014 codiee
2148 1949 2447 2015 Urbinati
2493 1950 2549 2015 U
2597 1955 2744 2035 post
2790 1949 3014 2014 ultima

682 2056 899 2130 verbe,
928 2055 1073 2120 libri
1119 2056 1217 2120 IX
1263 2055 1383 2121 sub
1431 2055 1615 2121 titulo
1663 2056 1812 2121 libri
1873 2056 2105 2121 decimi
2170 2057 2369 2122 verba
2435 2057 2582 2122 libri
2652 2057 2800 2122 noni
2861 2055 3012 2120 inde

682 2184 722 2228 e.
770 2184 914 2248 eep.
963 2164 1024 2246 8,
1074 2167 1113 2244 ξ
1166 2166 1224 2247 1,
1273 2183 1312 2226 a
1359 2163 1572 2227 verbis
1626 2169 1793 2249 ,,τῶν
1841 2167 1912 2227 δὲ
1959 2163 2148 2242 ῥιζῶν
2192 2165 2449 2242 πλείους
2497 2165 2647 2242 μὲνιι
2685 2183 2886 2246 usque
2924 2162 3013 2227 ad

682 2292 826 2356 eep.
878 2271 959 2336 19
1007 2276 1046 2353 ἓ
1093 2270 1169 2337 4:
1219 2271 1530 2348 ἐνδέχεται
1576 2273 1769 2335 ταύτὸ
1814 2271 2163 2354 γίνεσθαι’)
2217 2278 2610 2356 repetuntur,
2658 2271 2752 2336 ita
2795 2278 3012 2335 tamen

682 2388 750 2441 ut
822 2377 1128 2460 plurimas
1198 2376 1546 2441 exhibeant
1621 2377 2109 2462 discrepantias,
2225 2379 2298 2443 In
2368 2379 2678 2445 Mediceis
2724 2378 2789 2442 M
2857 2398 3011 2463 pars

682 2484 999 2568 quaedam
1034 2485 1231 2549 multo
1279 2483 1484 2550 minor
1529 2491 1677 2569 post
1733 2485 1923 2550 finem
1971 2485 2116 2552 libri
2177 2487 2275 2550 IX
2319 2486 2547 2551 addita
2608 2494 2725 2570 est,
2781 2505 3012 2570 nempe

682 2612 722 2656 e.
746 2612 886 2676 eep.
914 2592 975 2674 8,
1002 2597 1041 2674 ξ
1068 2591 1152 2656 62
1202 2590 1238 2654 ὁ
1287 2592 1398 2667 μὲν
1446 2591 1561 2655 οὖν
1610 2592 1886 2669 ὀπισμός
1917 2611 2119 2674 usque
2144 2592 2230 2657 ad
2264 2612 2407 2678 cap.
2447 2595 2530 2658 10
2558 2600 2596 2676 ξ
2627 2594 2668 2658 3
2703 2596 3012 2673 βέλτιστοι

682 2704 754 2764 ee
802 2701 899 2764 καὶ
961 2697 1075 2775 οἶς.
1167 2697 1511 2763 Lectiones
1567 2697 1755 2764 huius
1815 2699 2203 2766 recensionis
2263 2701 2328 2764 in
2391 2700 2618 2766 critica
2679 2700 3011 2765 Wimmeri

686 2804 965 2869 editione
1031 2804 1366 2888 signantur
1426 2803 1655 2869 litteris
1716 2804 1776 2870 U
1801 2808 1922 2869 *et
1968 2806 2030 2869 M
2058 2809 2114 2873 ²¹⁸.
2221 2806 2717 2892 Discrepantiae
2781 2805 3009 2871 harum

682 2912 950 2976 duarum
996 2910 1436 2976 recensionum
1484 2917 1704 2976 tantae
1753 2919 1919 2995 sunt,
1969 2919 2038 2977 ut
2069 2913 2196 2977 iam
2230 2912 2663 2979 Schneiderus
2693 2914 2736 2980 l.
2762 2913 2805 2978 l.
2831 2935 2894 2998 p.
2925 2913 3010 2978 78

678 3028 830 3084 tem.
862 3017 916 3083 V
967 3016 1233 3082 adnotet
1284 3036 1405 3106 „ex
1454 3017 1580 3082 alio
1629 3018 1855 3085 codice
1926 3027 1990 3084 et
2042 3020 2416 3085 recensione
2478 3020 2738 3086 diversa
2807 3020 3007 3085 fuisse

682 3124 1071 3209 descriptam
1117 3131 1318 3189 totam
1366 3127 1681 3210 partem“,
1732 3145 1924 3208 quam
1971 3126 2353 3192 sententiam
2401 3127 2595 3192 etiam
2627 3127 3013 3192 Wimmerus

678 3231 943 3316 reeepit.
1060 3232 1386 3317 Optimam
1452 3231 1952 3318 disputationem
2023 3233 2106 3299 de
2176 3234 2609 3319 Theophrasti
2681 3234 3011 3300 codicibus

682 3352 826 3427 pest
874 3344 1035 3406 eum'
1061 3340 1336 3406 instituit
1382 3341 1455 3407 Ο.
1505 3340 1825 3407 Kirchner
1885 3342 1951 3406 in
1999 3342 2448 3408 dissertatione
2510 3350 3011 3408 commemorata

686 3448 806 3536 „de
878 3446 1313 3533 Theophrasti
1394 3448 1606 3514 Eresii
1688 3448 1871 3514 libris
1936 3449 2373 3535 phytologicis
2442 3451 2534 3518 I.“
2652 3450 2843 3529 Quod
2917 3450 3009 3516 ibi

678 3555 1063 3640 enucleavit,
1131 3554 1616 3640 comprehendit
1686 3555 1902 3622 verbis
1966 3578 2030 3641 p.
2093 3558 2212 3625 33:
2280 3557 2386 3642 ,de
2452 3558 2784 3624 codicibus
2847 3557 3012 3622 haee

678 3672 862 3728 erunt
909 3662 1337 3730 observanda.
1433 3662 1675 3747 Optimi
1724 3670 1871 3728 sunt
1934 3663 2049 3729 U*
2077 3671 2141 3729 et
2187 3664 2253 3728 M
2279 3667 2333 3706 *‘
2402 3665 2512 3747 qui
2575 3664 2762 3731 unius
2824 3665 3012 3747 quasi

889 3932 933 4000 1)
974 3932 1130 3986 falso
1169 3929 1234 3987 O.
1273 3931 1580 3987 Kirchner
1627 3934 1691 3986 in
1749 3932 2171 3988 dissertatione
2213 3932 2320 4002 „de
2370 3933 2769 4004 Theophrasti
2819 3933 3014 3987 Eresii

682 4024 846 4076 libris
883 4021 1303 4092 phytologiciS,
1342 4022 1642 4092 particula
1682 4023 1892 4093 prima.
1964 4021 2369 4078 Vratislaviae
2407 4021 2576 4077 1874“
2613 4040 2667 4093 p.
2706 4023 2776 4076 20
2811 4038 3010 4091 usque

678 4112 754 4164 etl
794 4115 1068 4168 extrema
1112 4110 1323 4179 ,ἦττον
1362 4111 1595 4178 φυσικαί
1633 4111 1824 4175 εἰσιν“,
1881 4129 2009 4182 cap.
2048 4111 2119 4165 20
2158 4117 2188 4176 ξ
2228 4113 2261 4166 6
2300 4115 2516 4167 omisso
2563 4114 2775 4168 ultimo
2821 4113 3010 4167 verbo

678 4204 892 4268 εἴρηται
929 4203 1203 4270 repetere
1241 4199 1507 4272 codicem
1545 4199 1600 4256 U
1638 4201 1858 4254 librum
1906 4217 2135 4256 nonum
2181 4201 2326 4256 dicit
2375 4203 2450 4258 cf.
2490 4199 2817 4257 Schneider
2867 4206 3010 4258 tom.

678 4292 726 4346 V
766 4292 826 4344 in
866 4290 1136 4346 auctario
1175 4290 1503 4344 lectionum
1539 4291 1851 4345 variarum
1888 4308 1985 4361 pp.
2023 4289 2094 4346 70
2132 4296 2193 4344 et
2230 4291 2314 4360 78,
2373 4291 2588 4346 deinde
2624 4292 2812 4346 verba
2851 4307 3012 4360 quae

678 4380 1040 4436 Wimmerus
1097 4379 1239 4433 fecit
1294 4379 1358 4432 in
1414 4378 1679 4434 editione
1736 4381 1976 4433 critica:
2039 4379 2438 4450 Theophrasti
2493 4380 2684 4434 Eresii
2757 4381 3010 4435 historia

678 4472 1023 4540 plantarum
1079 4469 1425 4525 emendavit
1485 4485 1624 4524 cum
1694 4468 2085 4524 adnotatione
2160 4470 2367 4525 critica
2443 4469 2517 4525 ed
2578 4468 2641 4525 F.
2703 4469 3009 4539 Wimmer‚

678 4559 1077 4615 Vretielaviae
1115 4558 1255 4614 1842
1292 4577 1346 4631 p.
1386 4559 1491 4614 310
1528 4563 1590 4614 et
1626 4557 1746 4612 347.
