3409 5342
647 489 865 552 -5nss

171 681 329 766 positione
360 682 448 748 librr.
477 683 542 746 XII
575 689 607 746 et
639 682 737 748 XIII:
771 681 845 745 inde
879 680 920 744 ab
954 685 1096 744 extremo
1125 679 1238 744 Indiae
1271 681 1341 745 loco

169 788 346 853 secundum
369 790 517 870 regiones
540 788 757 854 narrationem
787 786 948 872 proficisci
978 806 1081 868 usque
1111 785 1154 851 ad
1178 786 1341 852 Atlantem

170 902 310 961 montem
327 902 359 960 et
376 895 594 961 occidentales
610 902 723 979 terras,
741 915 822 977 quas
841 913 952 959 omnes
968 893 1074 958 Iubae
1090 892 1180 960 libris
1200 892 1342 979 descrip-

169 1008 221 1067 tas
245 1021 316 1068 esse
340 1001 428 1068 dicit.
474 1002 525 1066 De
548 1001 611 1066 Irae
635 1022 669 1066 re
693 1001 852 1084 quomodo
884 1000 925 1066 sit
955 999 1164 1065 indicandum
1194 999 1259 1065 iam
1288 1020 1341 1065 ex-

170 1110 347 1194 posuimus:
389 1110 446 1175 sed
479 1110 551 1195 ipsa
585 1109 794 1195 dispositione
827 1108 907 1173 nihil
940 1106 1066 1173 omniuo
1099 1107 1270 1192 probatur,
1315 1107 1341 1173 si

170 1216 359 1302 respicimus
371 1217 470 1283 libros
483 1217 548 1281 XII
561 1223 593 1282 et
605 1218 687 1281 XIII
705 1237 722 1281 e
738 1216 851 1302 paucis
866 1215 945 1281 locis
958 1215 1110 1280 librorum
1124 1214 1341 1300 Theophrasti

169 1322 300 1389 haustos
324 1343 405 1408 esse,
429 1323 585 1409 imprimis
609 1324 639 1390 h.
664 1325 707 1409 pl.
732 1324 788 1407 IV,
812 1324 834 1387 4
858 1343 928 1405 sqq.
953 1328 986 1388 et
1008 1321 1168 1387 nonnullis
1191 1321 1341 1407 capitulis

167 1428 256 1493 librr.
274 1429 355 1519 112et
372 1431 420 1494 IX
435 1430 491 1515 ita,
511 1437 547 1495 ut
570 1450 696 1515 semper
720 1430 896 1495 retineatur
921 1428 1089 1514 dispositio
1113 1428 1340 1514 Theophrasti.

168 1535 277 1613 Quare
299 1545 408 1602 nostro
427 1538 494 1602 iure
511 1538 595 1602 idem
614 1539 774 1603 affirmare
790 1558 960 1623 possumus
976 1556 1081 1601 rerum
1098 1536 1340 1621 dispositionem

168 1662 186 1707 e
211 1642 435 1728 Theophrasto
460 1652 620 1730 sumptam
646 1664 727 1728 esse,
752 1650 923 1729 postquam
948 1642 1069 1708 Plinius
1098 1642 1189 1709 libris
1218 1644 1285 1708 XII
1308 1650 1340 1710 et

168 1750 250 1814 XIII
275 1758 427 1817 externas
450 1751 583 1816 arbores
606 1756 805 1836 pertractare
828 1750 889 1816 sibi
913 1750 1089 1834 proposuit.

275 1857 354 1922 Inde
378 1879 398 1922 a
422 1864 441 1941 ξ
461 1860 524 1922 114
546 1858 620 1923 libri
635 1858 718 1922 XlII
740 1876 842 1939 usque
866 1855 909 1921 ad
932 1856 1027 1920 finem
1050 1839 1259 1941 Sprengelius
1275 1858 1339 1924 alio

166 1964 254 2030 fonte
278 1985 370 2031 usum
399 1985 470 2031 esse
495 1964 633 2030 Plinium
662 1971 769 2050 putat,
801 1984 896 2047 quem
927 1963 1104 2029 secundum
1128 1964 1338 2048 Brunnium¹)

167 2071 330 2156 Hyginum
354 2072 452 2138 fuisse
478 2072 669 2157 suspicatur.
716 2072 829 2136 Tacite
861 2069 1010 2136 concedit
1039 2069 1248 2155 Sprengelius
1271 2071 1338 2156 Hy·
1467 2092 1470 2097 ·

167 2178 277 2260 gisum
301 2178 415 2243 eodem
438 2179 534 2243 modo
559 2186 656 2261 atque
680 2178 797 2243 Juham
822 2176 905 2265 (scil.
923 2196 1017 2259 quern
1039 2176 1110 2261 ipse
1134 2182 1244 2241 censet
1267 2197 1339 2243 esse

166 2284 297 2367 Jubam)
330 2285 509 2352 excussisse
539 2286 640 2351 libros
663 2283 943 2369 Theophrasteos;
974 2283 1050 2348 inde
1073 2304 1093 2348 a
1116 2290 1136 2368 ξ
1162 2284 1225 2350 116
1255 2284 1338 2348 enim

166 2410 224 2474 por
247 2397 348 2457 totum
372 2392 488 2456 librum
512 2397 684 2456 occurrunt
697 2389 915 2474 Theophrasti
937 2389 1038 2455 verba
1056 2388 1155 2455 latine
1171 2410 1266 2456 versa
1281 2390 1337 2476 ita,

166 2503 200 2559 ut
224 2496 359 2561 dimidia
381 2497 449 2562 fere
472 2518 548 2582 pars
573 2495 802 2563 sententiarum
823 2494 1082 2581 eTheophrasto
1099 2495 1270 2581 desumpta
1286 2496 1337 2562 sit.

166 2602 289 2679 Quodsi
314 2611 380 2667 turn
404 2609 445 2687 ἓξ
472 2604 646 2668 135--140
669 2601 879 2687 Sprengelius
902 2601 1017 2667 iterum
1042 2622 1060 2667 e
1084 2603 1170 2668 Juba
1193 2609 1338 2688 sumptas

166 2730 237 2776 esse
261 2710 386 2794 asserit,
411 2730 462 2775 res
487 2710 572 2774 nullo
596 2709 692 2775 modo
716 2709 880 2794 probavit,
912 2709 1062 2792 quoniam
1086 2716 1155 2775 tota
1178 2710 1337 2795 expositio

164 2855 209 2868 -
231 2835 291 2880 nec
314 2817 381 2880 ulla
404 2816 562 2881 sententia
586 2814 716 2880 aliunde
733 2815 863 2880 additur
891 2856 930 2865 -
956 2815 1154 2901 eTheophr.
1171 2816 1202 2882 h.
1219 2817 1263 2902 pl.
1280 2818 1336 2902 IV,

165 2923 186 2985 6
211 2929 242 2987 et
267 2924 285 2987 7
310 2906 525 2988 adsumaturs

272 3029 367 3107 Quod
391 3050 467 3095 vero
490 3035 557 3094 tum
580 3029 790 3114 Sprengelius
815 3028 930 3094 asserit
953 3028 1058 3114 ipsum
1082 3028 1219 3094 Plinium
1250 3029 1280 3097 h.
1306 3052 1336 3098 n.

164 3137 240 3220 XII,
257 3140 296 3206 hl
314 3137 592 3222 (,cinuamomomo
608 3137 756 3222 proxima
771 3135 936 3220 gentilitas
952 3143 1032 3221 erat,
1046 3136 1078 3201 ni
1093 3136 1183 3222 prius
1195 3136 1336 3204 Arabiae

165 3244 295 3310 divitias
318 3243 454 3321 indicari
478 3244 662 3310 conveniret
678 3263 859 3326 causasque
876 3263 959 3325 quae
976 3263 1154 3328 cognomen
1169 3243 1215 3309 illi
1231 3245 1336 3312 felicis

164 3371 203 3415 ac
227 3351 343 3416 beatae
367 3350 511 3434 dedere‘)
535 3350 680 3416 indicare
703 3350 809 3416 Iubae
832 3370 867 3416 se
884 3349 1130 3435 descriptionem
1152 3358 1335 3417 secuturum

162 3478 244 3541 csse,
268 3457 406 3542 probare
430 3457 536 3524 nolim.
583 3458 654 3523 Jam
679 3459 780 3523 multa
804 3465 900 3523 antea
931 3458 972 3523 de
995 3457 1068 3542 ipsa
1091 3457 1213 3523 Arabia
1236 3459 1336 3524 verba

161 3564 239 3629 fecit
256 3564 387 3631 Plinius.
427 3565 478 3629 Ex
501 3565 643 3630 laudatis
659 3565 767 3631 verbis
782 3563 1037 3647 equidemaliud
1054 3564 1208 3649 colligere
1223 3567 1333 3633 velim:

162 3671 254 3737 deest
284 3692 362 3737 saue
394 3671 569 3757 descriptio
605 3672 801 3757 plantarum,
836 3691 920 3753 quae
953 3670 1041 3756 apud
1073 3670 1211 3735 Plinium
1241 3678 1261 3756 g
1291 3674 1331 3737 51

162 3781 376 3866 praecedunt,
414 3781 447 3845 in
477 3788 586 3847 nostro
617 3780 858 3866 Theophrasto,
896 3787 1004 3846 tamen
1034 3780 1129 3846 Plinii
1160 3781 1334 3867 descriptio

161 3887 306 3969 sequitur
325 3888 510 3970 catalogum
526 3887 639 3952 harum
655 3888 848 3972 plantarum,
874 3907 968 3970 quem
985 3886 1147 3972 Theophr.
1165 3887 1196 3954 h.
1213 3888 1257 3973 pl.
1275 3889 1333 3973 IX,

162 3996 192 4077 l,
217 3997 237 4058 2
261 4014 331 4076 sqq.
357 3994 504 4060 exhibet:
529 4015 703 4080 amomum,
737 3993 986 4079 cinnamomum,
1021 3996 1261 4061 cardamomum
1285 4003 1334 4062 est

160 4099 261 4166 series
267 4152 275 4183 ,
306 4119 408 4181 usque
439 4100 482 4165 ad
515 4100 751 4166 cinnamomum
773 4101 1059 4185 pertractationem
1084 4101 1177 4165 duxit
1200 4101 1332 4187 Plinius,

160 4207 352 4272 cinnamomi
376 4206 625 4292 descriptionem
659 4206 780 4291 differt,
812 4214 879 4271 tum
908 4209 994 4289 §82
1024 4227 1094 4289 sqq.
1126 4208 1208 4272 hanc
1239 4208 1333 4273 affert

268 4459 290 4524 ¹)
319 4459 413 4512 etde
439 4464 598 4514 auctorum
626 4460 774 4514 indicibus
803 4458 949 4514 Plinianis
978 4459 1142 4532 disputatio
1174 4459 1332 4533 isagogica

162 4546 248 4601 Bonn
269 4546 347 4615 1856,
367 4566 393 4618 p.
414 4547 456 4604 48.
