3409 5342
685 464 902 539 ..13..

209 665 352 734 familiae
375 667 527 751 reliquias
550 676 769 755 servaverunt,
793 669 832 736 iis
855 669 935 736 locis
958 669 1013 734 ubi
1036 669 1092 735 U*
1126 676 1159 735 et
1181 668 1242 735 Μ*
1273 666 1377 758 silent,

209 776 349 843 Urbinas
381 776 475 859 eique
507 776 599 862 paria
631 778 797 862 Excerpta
828 777 1025 844 Parisicnsia
1059 779 1125 867 (P)
1159 777 1271 863 optimi
1304 785 1378 845 sunt

208 883 293 969 libri,
317 883 376 950 sed
400 884 493 969 tales,
517 891 553 949 ut
576 885 678 950 multa
700 885 784 952 falsa
815 884 959 970 tradant,
994 904 1078 967 quae
1113 884 1317 970 coniecturis,
1349 885 1378 953 si

209 991 278 1056 lieri
300 996 417 1076 potest,
441 990 641 1057 restituenda
668 999 752 1058 sunt.
803 991 845 1055 Hi
876 991 940 1056 duo
969 991 1098 1057 codices
1128 1011 1201 1057 cum
1231 992 1377 1063 omnibus

208 1098 335 1182 ceteris,
359 1098 537 1165 Parisiensi
560 1104 712 1184 (excepta
734 1104 828 1184 parte
851 1098 924 1164 libri
948 1098 1048 1183 noni),
1070 1098 1236 1184 Mediceis,
1260 1100 1379 1166 Vindo-

133 1214 137 1221 ’
208 1204 341 1270 honensi
365 1205 502 1270 alteram
526 1205 699 1271 ostendunt
730 1204 952 1271 recensionem
982 1205 1136 1270 librorum
1160 1206 1380 1293 Theophrasti

208 1318 306 1393 atque
329 1310 376 1376 ita
399 1311 528 1395 quidem
552 1318 589 1376 ut
613 1311 928 1378 Vindobonnensise
951 1311 1108 1378 Mediceis
1131 1319 1163 1379 et
1186 1313 1378 1382 Parisiensis

208 1439 249 1485 ex
273 1420 463 1506 apographo
499 1421 640 1503 quodam
663 1419 830 1485 Urbinatis
867 1418 1022 1505 descripti
1058 1419 1152 1487 sint.“
1199 1421 1259 1487 De*
1284 1427 1377 1506 parte

207 1527 281 1593 libri
304 1528 379 1592 noni
402 1528 524 1593 codicis
538 1528 565 1593 P
581 1527 661 1593 dicit
683 1550 715 1613 p.
731 1529 782 1611 18,
807 1527 862 1593 ubi
886 1526 1035 1613 exposuit
1054 1533 1232 1593 extremam
1250 1534 1377 1613 partem

208 1634 330 1699 codicis
352 1635 379 1700 P
401 1656 464 1700 non
488 1635 582 1701 exU
611 1635 790 1720 prolectam
823 1654 905 1719 esse,
940 1634 998 1700 sed
1031 1633 1139 1717 aliquo
1172 1635 1268 1700 modo
1303 1655 1376 1700 cum

207 1742 393 1807 recensione
426 1742 549 1808 codicis
581 1742 641 1806 U*
675 1741 859 1807 cohaerere.
906 1740 1001 1819 Quod
1036 1747 1143 1808 temen
1175 1741 1208 1806 in
1241 1742 1375 1827 singulis

207 1847 374 1913 codicibus
397 1847 588 1934 praestitere
611 1847 671 1912 viri
688 1847 784 1931 docti,
809 1855 844 1912 ut
868 1847 973 1930 qualis
996 1847 1080 1913 inter
1104 1868 1160 1914 eos
1179 1849 1262 1914 ratio
1278 1850 1374 1915 inter-

206 1955 338 2021 cederet
361 1956 525 2039 docerent,
551 1956 613 2021 hoc
636 1955 669 2020 in
692 1955 811 2020 iudicio
836 1954 972 2041 deipsis
988 1955 1375 2024 recensionibusferendo

207 2063 254 2129 eis
288 2063 430 2128 nondum
468 2064 574 2130 cessit.
637 2063 733 2129 Certe
770 2083 832 2146 quo
872 2063 941 2129 iure
978 2064 1036 2129 U*
1057 2070 1089 2128 et
1112 2064 1172 2128 Μ*
1211 2065 1375 2131 meliorem

206 2170 368 2252 quandam
393 2178 501 2237 textus
524 2172 744 2236 recensionem
767 2171 926 2255 praebere
950 2170 1098 2237 dicantur
1121 2192 1186 2236 non
1209 2171 1373 2259 intellego,

204 2296 309 2359 neque
332 2298 468 2361 usquam
493 2284 646 2360 quantum
669 2277 779 2342 rideo
796 2277 946 2363 exposuit
970 2276 1149 2361 quisquam,
1177 2298 1260 2360 quae
1289 2278 1373 2344 ratio
1445 2357 1448 2361 .

203 2381 419 2448 intercederet
442 2383 525 2448 inter
548 2383 632 2448 hanc
655 2384 818 2449 meliorem
835 2383 957 2449 dictam
972 2390 1005 2448 et
1020 2384 1163 2469 peiorem
1179 2384 1375 2468 reliquorum

205 2489 354 2555 codicum
376 2490 605 2573 recensionem,
640 2490 794 2575 imprimis
828 2489 987 2572 quomodo
1021 2490 1102 2556 haec
1135 2510 1177 2556 ex
1208 2491 1265 2558 illa
1297 2492 1374 2558 oriri

204 2597 317 2682 possit.
364 2597 471 2683 Supra
495 2618 566 2663 curn
590 2599 747 2683 probasse
780 2597 874 2662 nobis
906 2596 1075 2663 videamur
1107 2606 1139 2664 et
1171 2599 1309 2665 Plinium
1342 2605 1375 2665 et
1448 2660 1450 2664 ,

205 2705 286 2770 alios
310 2705 484 2790 scriptores
508 2706 612 2770 altera
635 2712 733 2787 atque
756 2711 868 2770 nostra
891 2704 1080 2770 recensione
1096 2725 1171 2772 usos
1188 2726 1269 2790 esse,
1285 2706 1379 2772 haud
1399 2691 1419 2713 '⁵

204 2810 316 2875 inutile
339 2812 400 2876 erit
422 2812 560 2896 primunr
579 2832 663 2876 nunc
680 2810 879 2897 perquirere,
904 2830 988 2893 quae
1011 2810 1094 2877 ratio
1118 2813 1160 2877 sit
1182 2812 1266 2877 inter
1290 2813 1373 2879 hanc

204 2922 347 2982 veterum
370 2918 562 3003 scriptorum
586 2920 805 2983 recensionem
828 2917 1046 3002 Theophrasti
1070 2924 1102 2982 et
1135 2939 1231 3001 qnam
1263 2919 1372 3009 melio-

204 3042 271 3087 rem
295 3024 406 3091 dicunt
429 3024 489 3090 viri
513 3024 601 3090 docti
624 3024 841 3090 recensionem
866 3024 1013 3089 codicum
1030 3024 1087 3090 U*
1111 3025 1181 3092 Mu.
1219 3025 1372 3091 Ordinem

203 3150 320 3212 sequar
343 3132 497 3198 orationis
521 3130 795 3217 Theophrasteac.

310 3239 472 3304 Accurate
494 3239 527 3304 in
551 3238 634 3304 hanc
658 3259 725 3304 rem
747 3238 864 3321 inquiri
886 3239 1168 3324 nondumpotest:
1193 3240 1373 3325 scripturae

202 3345 377 3411 varietates
389 3366 454 3410 une
466 3345 564 3411 editio
578 3344 849 3430 Vrutislavicnsis,
867 3364 964 3426 quam
977 3344 1170 3411 Wimmerus
1182 3346 1371 3432 composuit,

203 3450 344 3537 exhibet,
380 3454 435 3535 qui
468 3452 540 3538 ipse
574 3453 653 3518 nihil
690 3453 751 3519 nisi
785 3453 886 3518 verba
920 3452 1110 3519 Schneideri
1148 3473 1190 3518 ex
1224 3453 1371 3521 auctario

202 3560 364 3625 variarum
387 3560 559 3625 lectionum
584 3567 615 3626 et
645 3560 908 3626 adnotationibus
938 3561 1001 3627 vol.
1025 3560 1064 3627 V.
1081 3567 1113 3625 et
1136 3561 1196 3627 ΙΙΙ.
1222 3562 1291 3627 eius
1315 3582 1371 3646 op·

201 3667 300 3733 timae
335 3668 485 3733 editionis
519 3668 652 3753 repetit:
694 3676 803 3733 tamen
840 3666 972 3732 collatio
1005 3665 1168 3751 codicum,
1204 3667 1370 3734 adnotatio

200 3774 363 3840 variarum
396 3776 569 3840 lectionum
585 3804 587 3809 ⁴
603 3796 665 3840 non
700 3775 746 3840 ita
781 3779 935 3840 accurata
969 3780 1028 3857 est,
1063 3780 1098 3838 ut
1132 3793 1259 3859 semper
1291 3773 1369 3856 quid

156 3920 160 3928 ·
199 3881 318 3965 singuli
353 3882 426 3948 libri
460 3881 617 3967 scriptum
651 3881 802 3965 habeant,
838 3880 1011 3945 diiudicari
1044 3880 1156 3965 possit.
1214 3880 1370 3958 Quamvis

199 3989 298 4072 igitur
321 3989 486 4055 codicibus
510 3989 694 4055 accuratius
717 3988 930 4075 pervolutatis
946 3987 1015 4053 fieri
1030 3987 1133 4073 possit
1149 3994 1184 4054 ut
1199 3988 1368 4072 sententia,

200 4116 296 4179 quam
330 4096 414 4162 infra
449 4097 490 4163 de
524 4097 764 4163 recensionibus
798 4115 1008 4180 exponemus,
1042 4102 1074 4160 et
1106 4095 1177 4161 aliis
1212 4095 1369 4182 exemplis

198 4204 351 4290 firmetur,
375 4213 483 4271 tamen
506 4225 696 4290 persuasum
719 4203 823 4269 habeo
848 4202 1076 4288 exemplaris
1109 4202 1189 4267 talia
1221 4203 1301 4288 lore,
1333 4209 1369 4268 ut

199 4311 286 4393 quod
309 4313 514 4378 monstraturi
534 4312 642 4397 simus,
656 4310 868 4377 concutiatur.
885 4310 906 4381 l.
923 4311 972 4376 IX
988 4330 1061 4396 cap.
1075 4310 1105 4395 8,
1120 4309 1367 4395 8Theophrasti

198 4418 229 4488 h.
253 4419 298 4503 pl.
323 4419 418 4486 codd.
443 4419 500 4485 U*
525 4419 587 4485 Μ*
612 4418 653 4485 de
687 4418 869 4504 colligendo
903 4418 1065 4483 helleboro
1098 4416 1179 4482 haec
1213 4416 1368 4504 scribunt,

199 4545 284 4608 quae
308 4525 431 4592 Plinius
454 4526 485 4594 b.
510 4548 540 4593 n.
564 4526 668 4612 XXV,
693 4524 737 4591 50
760 4525 901 4590 exhibet.
