3409 5342
832 496 1052 563 ..58-

356 690 412 773 ita,
436 696 471 753 ut
495 688 736 774 dispositionem
761 709 858 771 quam
881 689 971 755 initio
993 690 1055 756 sihi
1079 696 1305 775 proposuerat,
1330 694 1468 753 mutaret
1493 694 1525 752 et

355 797 487 862 arbores
510 805 609 879 atque
632 796 749 862 herbas
764 797 874 882 Asiae,
898 798 988 863 cuius
1012 796 1185 882 descriptio
1200 796 1233 860 iu
1250 794 1413 880 Theophr.
1431 794 1461 860 h.
1479 796 1524 879 pl.

358 905 414 986 IV,
438 905 460 966 4
482 903 605 988 incipit,
629 903 836 971 describeret.
884 905 992 982 Quare
1021 904 1062 969 ab
1095 903 1157 969 hoc
1189 902 1322 968 exordio
1352 902 1424 967 libri
1448 901 1525 987 XII,

356 1010 443 1092 quod
466 1030 538 1075 cum
561 1011 751 1096 Sprengelio
773 1012 873 1076 liceat
895 1031 1065 1077 excursum
1089 1010 1272 1095 designare,
1290 1008 1414 1074 initium
1439 1008 1524 1093 cepit

355 1118 506 1202 narratio,
531 1119 658 1200 qualem
687 1121 824 1203 primum
847 1118 970 1184 Plinius
993 1117 1026 1182 in
1050 1118 1156 1183 animo
1180 1117 1347 1201 habuerat,
1372 1115 1427 1197 qui
1454 1116 1525 1200 ipse

355 1231 423 1288 tum
453 1224 589 1289 mutavit
619 1224 786 1290 consilium
810 1225 1026 1311 Theophrasti
1055 1224 1146 1290 libris
1177 1231 1364 1290 commotus.
1412 1223 1524 1304 ltaque

356 1331 426 1416 ipse
449 1339 516 1397 tum
540 1333 707 1398 consilium
730 1338 888 1398 mutatum
911 1333 1074 1399 indicasse
1098 1332 1224 1397 videtur
1238 1330 1345 1397 verbis
1362 1330 1405 1396 ad
1421 1332 1523 1416 ipsam

356 1440 666 1524 argumentationem
682 1462 703 1505 a
718 1440 909 1525 Sprengelio
933 1440 1105 1508 adhibitis:
1131 1441 1234 1521 ‚Nunc
1257 1459 1314 1505 eas
1329 1458 1524 1524 exponemus

356 1566 437 1628 quas
460 1546 577 1611 mirata
600 1552 649 1612 est
673 1546 850 1611 Alexandri
875 1546 985 1631 Magni
1009 1546 1154 1631 victoria,
1187 1548 1264 1612 orbe
1288 1566 1326 1611 eo
1349 1545 1523 1630 patefacto‘

356 1652 376 1719 i.
402 1673 429 1720 e.
455 1654 553 1718 alium
576 1673 659 1719 nunc
683 1653 803 1720 fontem
827 1675 955 1739 sequar,
981 1654 1196 1740 Theophrasti
1219 1654 1328 1721 libros.

462 1761 573 1826 Altero
597 1759 629 1825 in
654 1781 808 1846 excursu,
839 1762 881 1826 de
912 1783 974 1844 quo
998 1761 1207 1847 Sprengelius
1230 1762 1330 1827 verba
1352 1761 1445 1846 fecit,
1469 1781 1523 1825 ex-

356 1867 439 1932 ordii
461 1867 535 1932 libri
558 1868 641 1934 XIII
665 1869 759 1934 aliter
782 1889 834 1934 res
858 1889 893 1935 se
917 1869 1037 1934 hahere
1060 1868 1203 1935 videtur:
1228 1874 1269 1953 ἕξ
1287 1870 1393 1933 1-27
1417 1868 1524 1952 agitur

357 1973 398 2038 de
421 1975 592 2058 unguentis
616 1981 648 2040 et
672 1975 906 2059 unguentariis,
930 1975 962 2039 in
986 1995 1051 2057 qua
1073 1994 1108 2040 re
1130 1976 1266 2040 alterum
1289 1974 1330 2039 de
1353 1972 1523 2057 unguentis

355 2081 470 2146 librum
510 2080 730 2167 adsumpsisse
769 2082 914 2166 videtur,
952 2101 1046 2165 quem
1082 2081 1292 2167 Sprengelius
1319 2082 1340 2147 l.
1364 2082 1385 2146 l.
1418 2103 1451 2166 p.
1482 2082 1524 2146 70

356 2186 588 2272 Apollodorum
618 2194 650 2252 et
679 2188 859 2253 Fabianum
891 2208 963 2254 esse
993 2187 1184 2273 suspicatur.
1232 2188 1305 2264 Qua
1325 2186 1366 2251 de
1389 2206 1424 2252 re
1447 2206 1523 2268 quo-

355 2294 450 2360 modo
475 2297 516 2361 sit
538 2295 759 2378 iudicandum,
783 2295 853 2380 ipse
877 2295 1000 2361 Plinius
1023 2297 1080 2379 §3
1104 2295 1281 2379 signifieat:
1306 2315 1402 2380 ‚quae
1417 2315 1458 2359 ex
1473 2293 1523 2359 his

355 2402 437 2486 (scil.
455 2401 639 2486 unguentis)
663 2421 726 2466 non
750 2409 843 2466 erunt
857 2402 1007 2467 fruticum
1024 2401 1067 2467 ad
1082 2421 1237 2486 praesens
1252 2408 1378 2467 tautum
1393 2400 1523 2467 nomini·

355 2508 415 2574 hus
447 2507 688 2593 indicabuntur,
721 2516 836 2574 natura
870 2528 947 2574 vero
979 2508 1045 2575 suis
1076 2508 1229 2574 reddetur
1260 2508 1362 2575 locis‘.
1417 2507 1524 2572 Verba

357 2634 452 2698 ,quae
476 2635 516 2679 ex
540 2614 599 2680 his‘
623 2615 806 2696 significant
829 2615 972 2681 libellum
996 2615 1037 2680 de
1061 2615 1242 2700 unguentis,
1274 2635 1368 2698 quem
1392 2615 1435 2680 ad
1457 2635 1523 2679 ma-

355 2741 431 2786 num
455 2721 553 2787 habet
575 2721 707 2789 Plinius.
753 2723 900 2808 Apparet
923 2724 955 2786 in
986 2721 1045 2788 hoc
1075 2721 1184 2788 libello
1214 2728 1246 2787 et
1275 2723 1388 2807 paucis
1418 2720 1523 2786 verbis

355 2828 531 2893 indicatum
554 2829 653 2894 fuisse
677 2849 695 2894 e
718 2829 834 2910 quibus
857 2828 965 2894 herbis
989 2828 1139 2912 quodque
1162 2836 1294 2914 paretur
1316 2835 1522 2911 unguentum.

356 2937 508 3000 Attamen
530 2956 594 3000 uon
617 2935 670 3000 hic
693 2935 840 3020 primum,
865 2935 952 3018 quod
974 2934 1183 3021 Sprengelius
1206 2942 1308 3021 putat,
1333 2934 1416 2999 hune
1435 2934 1524 2999 libel-

354 3043 419 3107 lum
442 3042 590 3108 adhibuit
613 3042 749 3126 Plinius,
777 3043 847 3127 ipse
870 3043 933 3108 hoc
957 3042 1117 3126 siguificat
1141 3042 1171 3109 h.
1195 3064 1226 3109 n.
1251 3044 1344 3127 XIII,
1368 3043 1406 3109 8:
1440 3042 1523 3128 „Un-

354 3161 544 3233 guentorum
568 3148 843 3234 expeditissimum
867 3149 927 3214 suit
951 3150 1165 3235 primumque,
1197 3158 1232 3216 ut
1262 3149 1434 3215 verisimile
1463 3155 1522 3232 est,

356 3275 373 3320 e
397 3255 478 3340 bryo
502 3263 534 3320 et
557 3255 708 3322 balanino
732 3256 812 3341 oleo,
837 3256 879 3322 de
903 3257 1018 3339 quihus
1034 3250 1133 3341 supra
1148 3255 1310 3323 diximus‘.
1345 3256 1436 3321 Haeo
1451 3255 1524 3340 ipsa

355 3362 456 3427 verba
487 3362 518 3428 h.
543 3384 573 3428 n.
597 3362 673 3448 ΧΠ,
708 3364 770 3428 108
804 3370 835 3428 et
870 3365 933 3428 110
965 3363 1162 3449 significant;
1196 3363 1337 3448 accedit,
1371 3362 1458 3446 quod
1490 3362 1524 3426 in

353 3469 569 3555 descriptione
588 3469 1071 3561 unguentorumJeuumeranturj
1082 3479 1246 3555 unguenta
1269 3492 1287 3536 e
1311 3470 1522 3554 cinnamomo,

354 3576 456 3641 nardo
480 3575 615 3658 aliisque
639 3575 746 3641 herbis
769 3582 896 3661 parata,
921 3596 1005 3658 quae
1029 3578 1134 3641 omnia
1157 3577 1221 3642 iam
1245 3577 1326 3642 lihro
1349 3578 1415 3641 XII
1439 3576 1469 3642 h.
1490 3597 1523 3640 u.

354 3682 456 3749 fusius
480 3682 645 3768 descripta
668 3690 769 3749 erant.
816 3685 931 3765 Itaque
954 3691 1042 3749 reete
1072 3684 1202 3766 quidem
1232 3684 1406 3751 concludes
1439 3683 1524 3749 hune

355 3790 396 3855 de
419 3788 592 3874 unguentis
614 3789 757 3854 libellum
781 3810 802 3854 a
824 3789 928 3855 Plinio
951 3790 998 3855 ita
1021 3791 1140 3881 excuti,
1171 3799 1206 3857 ut
1228 3792 1333 3878 ipsam
1356 3791 1523 3857 historiam

353 4025 501 4093 interpres
528 4024 621 4077 verba
648 4024 735 4077 fecIt:
761 4024 894 4093 piperem
913 4023 1061 4094 Theophr.
1088 4024 1341 4095 h.p1.1x,20,1
1366 4026 1524 4081 describit:

354 4115 388 4166 τὸ
409 4115 444 4179 δὴ
465 4114 563 4179 πέπερι
582 4114 689 4178 καρπὸς
708 4113 758 4178 μέν
776 4114 842 4175 ἐστι,
863 4114 959 4166 διττὸν
978 4115 1010 4167 δὲ
1029 4115 1119 4167 αὐτοῦ
1137 4116 1219 4179 γένος
1237 4118 1287 4168 κτλ
1306 4158 1311 4168 .
1332 4157 1337 4168 .
1358 4158 1363 4168 .
1384 4158 1389 4169 .
1409 4115 1455 4169 Ex
1465 4117 1525 4170 hae

355 4202 554 4272 descriptione
567 4202 644 4255 falso
657 4202 787 4271 legendo
802 4201 893 4255 aliam
904 4203 1056 4270 quandam
1070 4203 1193 4258 herbam
1204 4206 1261 4258 sibi
1270 4206 1420 4273 formavit,
1431 4220 1525 4275 quam

354 4298 505 4360 nusquam
524 4291 606 4361 apud
624 4291 717 4344 alium
737 4295 892 4345 auctorem
911 4292 1029 4346 invent:
1049 4293 1076 4345 h.
1089 4309 1118 4346 n.
1129 4291 1220 4362 XXV,
1243 4294 1294 4348 131
1318 4294 1526 4364 ,Pericarpum

355 4386 420 4451 (pro
446 4382 481 4433 τὸ
506 4381 605 4446 πέπερι
631 4382 737 4445 καρπός
760 4381 836 4450 legit
854 4381 889 4432 τὸ
909 4380 1093 4448 περίκαρπον)
1113 4382 1198 4437 bulbi
1219 4398 1333 4453 genus,
1356 4383 1437 4437 duae
1456 4384 1527 4438 eius

354 4469 477 4540 speeies‘
504 4470 641 4538 seqnitur
663 4473 727 4523 tum
758 4470 798 4523 ad
828 4470 955 4523 verbum
983 4471 1183 4541 Theophrasti
1210 4473 1320 4543 piperis
1351 4472 1528 4542 descriptio.

355 4558 424 4614 Ath.
443 4576 470 4629 p.
490 4558 564 4627 iiie
582 4558 812 4628 descriptionem
832 4557 1089 4630 Theophrasteam
1109 4565 1221 4617 rectam
1241 4562 1369 4615 exhibet.
