3409 5342
647 479 865 544 ..53-

172 674 362 758 prracmisit‘?
392 675 462 742 Nec
486 665 618 760 mireris,
643 664 730 758 quod
751 676 784 739 in
807 675 878 739 aliis
901 674 991 739 libris
1012 662 1089 744 lun.
1112 671 1210 737 index
1232 670 1344 736 horum

172 782 364 865 scriptorum
380 803 443 846 non
466 782 619 864 occurrit,
645 783 792 865 quamvis
815 789 847 847 et
870 780 915 845 ihi
939 779 1061 844 Plinius
1084 778 1343 863 Theophrastum

170 878 370 973 adhibuerit,
395 909 466 953 eum
491 888 522 952 in
554 890 630 954 solis
659 889 749 954 libris
772 889 839 954 XII
863 896 894 952 et
918 887 1000 952 XIII
1030 893 1180 951 externas
1212 886 1343 950 arbores

170 1001 369 1078 pertractare
401 995 461 1060 sihi
485 996 699 1081 proposuerit,
724 996 756 1059 in
780 996 896 1078 quihus
919 993 1021 1058 unicis
1044 999 1076 1058 et
1099 980 1342 1077 Theophrastus

170 1101 395 1186 adsumpserat
418 1102 591 1186 scriptores
615 1102 802 1168 Alexandri.
849 1101 935 1167 Sane
960 1106 1081 1165 certum
1110 1098 1272 1181 quoddam
1302 1099 1342 1163 de

171 1208 231 1272 hoe
244 1209 348 1274 iudice
361 1209 505 1294 prolerre
521 1210 628 1295 nolim,
646 1229 840 1292 quamquam
851 1210 913 1274 hoc
925 1208 1020 1273 faeilc
1036 1207 1171 1289 quisque
1187 1207 1342 1272 consedet

170 1314 314 1379 habitum
334 1315 536 1399 grammatici
554 1315 614 1381 viri
631 1317 728 1381 talem
744 1317 930 1382 sollemnem
946 1314 1086 1379 indicem
1100 1334 1179 1399 prae
1196 1334 1231 1379 se
1247 1314 1340 1380 ferre.

203 1456 212 1468 ·
275 1423 359 1486 Male
382 1423 480 1504 igitur
503 1424 601 1489 cessit
617 1423 807 1509 Sprengelio
827 1430 896 1489 tota
920 1421 1166 1505 argumentatio,
1191 1421 1341 1503 quoniam

169 1529 244 1592 inde
268 1529 309 1594 ab
332 1529 423 1595 initio
441 1531 507 1595 iam
522 1532 623 1615 ipsius
639 1531 744 1596 Jubae
760 1531 865 1595 fontes
882 1549 1069 1594 enumerare
1085 1527 1223 1612 studeat,
1249 1529 1340 1610 quasi

168 1658 188 1699 a
212 1634 313 1719 primo
329 1636 394 1700 ianr
417 1643 579 1702 constaret
595 1637 733 1701 Plinium
748 1637 836 1704 librr.
854 1637 919 1701 XII
936 1642 968 1700 et
983 1636 1065 1699 XIII
1081 1656 1144 1700 non
1160 1634 1220 1700 nisi
1236 1634 1341 1700 Jubae

167 1744 266 1808 libros
289 1743 500 1808 transtulisse.
537 1745 645 1821 Quare
661 1764 721 1808 nec
737 1751 825 1808 recte
841 1744 1023 1827 explicasse
1040 1741 1167 1807 videtur
1183 1762 1215 1826 p.
1233 1741 1339 1831 essse,

168 1869 251 1930 quae
281 1849 363 1914 ratio
394 1849 476 1914 inter
501 1850 747 1915 Eratosthenem
775 1860 807 1916 et
834 1849 973 1914 Plinium
997 1849 1131 1932 intersit,
1157 1867 1253 1930 quam
1276 1869 1338 1914 uno

167 1957 315 2040 exemplo
339 1956 489 2023 illustrat.
536 1957 660 2041 Berger
683 1958 813 2041 Eragm.
831 1956 994 2023 Eratosth.
1021 1956 1106 2021 1880
1128 1978 1160 2040 p.
1177 1957 1242 2020 292
1268 1975 1339 2019 meo

167 2061 295 2144 quidem
320 2062 439 2127 iudicio
463 2071 551 2129 recte
575 2084 642 2128 rem
666 2064 851 2149 explicarit.
899 2063 995 2128 Haud
1019 2064 1152 2127 dubium
1175 2069 1238 2147 est,
1263 2062 1339 2145 quin

166 2169 396 2234 Eratosthenes
432 2168 546 2234 eodem
587 2177 684 2252 atque
720 2153 963 2255 Theophrastus
1002 2188 1078 2234 usus
1120 2168 1161 2233 sit
1196 2174 1337 2251 auctore,

165 2276 337 2341 itinerariis
352 2278 450 2341 maris
466 2277 564 2343 rubri.
599 2277 694 2342 Plinii
718 2277 762 2361 (h.
779 2298 810 2344 n.
827 2277 903 2361 XII,
927 2277 970 2342 53
987 2282 1048 2360 sq.)
1072 2281 1141 2341 tota
1165 2274 1337 2359 descriptio

165 2382 276 2447 nititur
294 2382 327 2446 in
347 2382 614 2467 Theophrasto¹),
639 2383 697 2448 sed
721 2389 858 2465 augetur
885 2381 1107 2447 Eratosthenis
1131 2380 1250 2447 verbis:
1277 2381 1337 2464 ,sil-

272 2581 294 2646 1)
315 2584 376 2633 tam
403 2589 468 2634 arte
493 2582 566 2634 mihi
593 2580 714 2648 quidem
740 2579 831 2634 Plinii
856 2581 950 2634 verba
976 2595 1045 2634 cum
1063 2580 1264 2650 Theophrasti
1290 2595 1337 2633 co·

164 2670 290 2722 haerere
313 2669 464 2735 videntur,
490 2673 525 2722 ut
554 2669 678 2721 alterius
706 2668 801 2721 verba
829 2683 868 2721 ex
896 2668 1022 2722 alterius
1050 2667 1239 2732 emendanda
1268 2668 1335 2722 sint.

163 2758 249 2820 Quae
280 2757 361 2826 apud
392 2756 523 2810 Plinium
556 2757 693 2825 sequitur
731 2757 886 2809 sententia
924 2756 1115 2824 ‚attolluntur
1146 2756 1237 2810 eolles
1273 2756 1335 2823 alti,

163 2848 438 2914 decurruntque
456 2847 492 2899 in
512 2847 623 2917 plana
647 2846 797 2899 arbores
824 2850 954 2915 sponte
973 2846 1095 2900 natae‘
1116 2846 1255 2914 equidem
1274 2863 1335 2901 non

162 2937 341 3005 intellegere
361 2951 483 3005 possum
502 2937 654 3003 mirorque
674 2935 755 3004 quod
775 2950 863 2988 nemo
882 2936 914 2988 in
934 2936 991 2988 hae
1017 2937 1169 2988 sententia
1194 2931 1335 2990 haeserit.

162 3025 299 3094 Uterque
330 3029 463 3078 montem
495 3024 646 3093 quendam
674 3025 810 3078 similiter
838 3024 1013 3093 eisdemque
1045 3025 1146 3078 verbis
1178 3023 1334 3079 describit:

162 3114 311 3183 Theophr.
331 3115 358 3168 h.
377 3113 478 3183 pl.IX‚
498 3113 523 3166 4.
543 3113 575 3166 2:
593 3115 628 3166 τὸ
648 3112 741 3179 δ’ὄρος
761 3113 830 3166 εἶναί
850 3127 938 3180 φασιν
957 3154 963 3166 .
983 3155 989 3166 .
1010 3154 1015 3166 .
1036 3115 1243 3180 ..νιφόμενον
1262 3115 1335 3180 ῥεῖν

163 3201 226 3255 δ’ἐξ
246 3204 354 3257 αὐτοῦ
379 3202 432 3255 καί
458 3204 638 3267 ποταμοὺς
658 3202 704 3266 εἰς
722 3204 762 3255 τὸ
781 3203 904 3256 πεδίον
923 3207 954 3257 et
973 3207 988 3267 5
1007 3204 1024 3257 8
1042 3203 1097 3269 τήν
1120 3204 1152 3256 δὲ
1169 3206 1224 3269 γῆν
1247 3203 1334 3270 ὑπάρ-

161 3293 241 3355 γιλον
267 3291 312 3343 καί
336 3292 500 3357 πλακώδη
528 3291 572 3344 καὶ
600 3294 690 3344 ὕδατα
709 3295 817 3358 πηγαῖα
842 3292 953 3354 σποίνια,
973 3291 1105 3345 Plinius:
1136 3297 1262 3360 „terram
1289 3309 1334 3346 ar-

160 3382 303 3452 gillosam
323 3396 389 3435 esse
409 3382 560 3449 convenit,
579 3384 657 3435 raris
682 3383 818 3437 tontibus
845 3399 882 3437 ac
908 3380 1056 3437 nitrosis.“
1097 3380 1155 3437 Sed
1181 3383 1253 3451 quid
1279 3388 1333 3451 est,

160 3471 244 3540 quod
263 3470 349 3523 dicit:
379 3470 613 3539 ‚decurruntque
633 3473 663 3523 in
689 3472 781 3540 plana
807 3471 932 3525 arbores
959 3475 1066 3541 sponte
1093 3469 1215 3525 natae‘?
1243 3470 1332 3526 Nullo

160 3562 250 3615 modo
264 3562 301 3615 de
314 3563 473 3616 arboribus
486 3563 676 3632 intellegitur
688 3564 771 3617 notio
786 3563 966 3617 decurrendi
979 3565 1010 3616 in
1024 3561 1124 3632 plana,
1138 3577 1207 3615 eum
1217 3564 1332 3631 ‚sponte

159 3650 262 3704 natae‘
281 3652 401 3705 facilins
421 3650 565 3720 explicari
590 3653 692 3720 possit,
716 3651 830 3706 simodo
855 3652 1000 3706 adhibeas
1023 3650 1171 3720 Theophr.
1191 3648 1239 3719 IV,
1258 3648 1284 3717 4,
1304 3640 1332 3703 1:

159 3741 331 3804 αὐτομάτως
349 3740 453 3805 γίνεται
473 3745 503 3794 et
521 3740 557 3792 τὰ
578 3742 627 3804 μὲν
646 3743 832 3806 θεραπεύεται
843 3742 880 3793 τὰ
900 3740 968 3794 δὀὔ.
1005 3740 1231 3809 Theophrastus
1259 3755 1331 3793 vero

158 3829 284 3883 exhibet
308 3831 490 3883 sententiam
517 3830 679 3898 quandam,
708 3845 788 3897 quae
816 3830 888 3882 mihi
916 3845 1032 3883 conexa
1060 3844 1129 3884 cum
1157 3830 1203 3882 his
1232 3829 1331 3882 verbis

157 3918 294 3972 videtur:
314 3921 372 3983 ῥεῖν
392 3918 444 3973 δ’ἐξ
464 3921 554 3971 αὐτοῦ
572 3918 617 3972 καί
629 3921 776 3983 ποταμοὺς
790 3919 827 3984 είς
839 3920 874 3971 τὸ
888 3918 988 3972 πεδίον
1001 3920 1081 3972 claro
1096 3918 1217 3987 quidem
1231 3932 1331 3986 sensu,

160 4010 222 4061 duo
243 4008 336 4061 ve'rba
355 4009 415 4072 ῥεῖν
443 4014 473 4062 et
500 4008 538 4072 είς
565 4008 665 4062 πεδίον
693 4010 876 4078 respondent
895 4008 1000 4062 Plinii:
1030 4008 1273 4077 „decurruntque
1299 4009 1330 4060 in

159 4097 269 4167 plann“
289 4099 394 4165 itaque
414 4098 556 4151 mendum
576 4099 700 4166 reliquis
724 4099 802 4152 inest
826 4113 842 4151 e
862 4097 1070 4168 Theophrasto
1094 4097 1237 4151 sanandis
1262 4096 1332 4165 (ῥεῖν

160 4185 214 4239 δ’ἐξ
234 4187 325 4238 αὐτοῦ
344 4185 389 4238 καὶ
408 4188 556 4249 ποταμοὺς
575 4186 613 4249 εἰς
631 4188 665 4238 τὸ
685 4186 785 4239 πεδίον
805 4209 834 4233 =
865 4187 1138 4256 decurruntque
1161 4187 1196 4239 in
1223 4185 1331 4255 plana

158 4272 333 4345 a<mn>es
351 4277 412 4338 <in
431 4273 576 4340 m>onte
595 4276 693 4342 nati).
731 4274 808 4338 Quid
829 4278 868 4329 sit
887 4290 1000 4344 ,amnes
1024 4280 1130 4346 sponte
1157 4275 1229 4328 nati‘
1250 4275 1331 4328 haud

157 4365 297 4433 intellegi
316 4367 424 4434 potest,
444 4380 539 4432 quare
560 4365 597 4417 ad
617 4365 841 4418 SImilitudinem
861 4367 944 4419 vocis
963 4367 1086 4435 ‚sponte‘
1101 4380 1117 4418 e
1130 4364 1330 4435 Theophrasti

158 4457 187 4508 ἐξ
207 4455 297 4505 αὐτοῦ
317 4455 430 4523 sumpsi
450 4456 489 4521 ‚ln
509 4456 627 4509 monte‘
665 4453 808 4522 Sequitur
827 4455 908 4524 apud
927 4454 1076 4508 Plinium:
1096 4460 1223 4523 „terram
1240 4456 1330 4524 argil-

158 4547 255 4598 losam
284 4559 349 4597 esse
378 4545 519 4597 contenit
545 4544 621 4596 raris
650 4545 783 4598 tontibus
812 4560 848 4598 ae
876 4545 1022 4599 nitrosis.“
1062 4546 1106 4600 Ex
1134 4546 1180 4600 his
1209 4546 1330 4616 quidem
