3409 5342
1710 470 2144 544 „52...

753 663 973 753 Magni
1020 669 1101 737 cf.
1141 668 1202 735 h.
1234 671 1320 756 pl.
1353 672 1463 755 IV,
1501 674 1559 757 7,
1592 673 1665 738 3:
1716 672 1791 736 Οἱ
1840 677 1912 737 δὲ
1959 672 2063 736 ὅτε
2111 673 2433 751 ἀνάπλους
2479 673 2555 750 ἦν
2601 675 2730 736 τῶν
2777 672 2841 738 ἐξ
2876 669 3087 736 Ἰνδῶν

754 777 1245 843 ἀποσταλέντων
1293 829 1305 842 .
1357 828 1370 842 .
1421 829 1433 842 .
1485 793 1520 842 .’
1548 783 1772 860 φασίν.
1864 779 2147 843 Primum
2208 779 2312 843 hic
2373 785 2673 844 accurate
2733 777 3084 843 Alexandri

750 885 970 969 Magni
1008 886 1273 952 comites
1309 889 1734 972 nominantur,
1773 908 2040 971 quorum
2078 888 2436 954 sententiae
2471 866 2879 973 opponuntur
2925 907 3082 951 mer-

750 992 1073 1058 catoribus
1136 993 1311 1060 sinus
1371 994 1671 1060 Heroum.
1784 995 1913 1060 Gur
1971 996 2214 1060 Plinius
2276 995 2452 1079 XVI,
2501 996 2624 1059 221
2687 1014 2803 1079 per
2849 993 3079 1060 Jubam

750 1118 900 1165 usus
962 1119 1104 1165 esse
1164 1100 1417 1165 dicatur
1461 1101 1676 1167 verbis
1723 1102 2023 1167 comitum
2071 1101 2448 1183 Alexandri,
2498 1100 2795 1184 equidem
2855 1100 3079 1165 iterum

748 1205 922 1270 haud
968 1207 1293 1289 intellege.

946 1301 1123 1379 ¹Item
1168 1314 1332 1380 falso
1380 1314 1796 1399 Sprengelius
1843 1336 1923 1380 ex
1957 1337 2083 1382 uno
2125 1315 2590 1382 Androsthenis
2636 1315 2890 1380 nomine
2937 1334 3076 1379 con-

749 1420 936 1486 clusit
995 1441 1112 1506 per
1157 1421 1393 1486 Jubam
1440 1423 1714 1487 Plinium
1775 1423 2149 1490 adhibuisse
2195 1421 2662 1489 Androsthenis
2719 1421 2951 1486 librum
2997 1420 3076 1484 de

745 1527 955 1592 insula
986 1528 1177 1612 Tyle,
1227 1548 1303 1594 eo
1337 1528 1504 1594 enirn
1550 1529 1678 1594 iam
1730 1531 2218 1617 Theophrastus
2265 1550 2418 1596 usus
2465 1536 2582 1613 est,
2629 1536 2699 1593 ut
2730 1529 2871 1614 ipse
2903 1528 3074 1593 dicit.

746 1653 921 1702 caus‚
969 1636 1171 1720 plant.
1206 1636 1291 1720 II,
1324 1636 1387 1720 5,
1420 1636 1495 1702 5:
1546 1638 1598 1701 ἑί
1638 1637 1929 1717 δ’ἀληθὲς
1969 1639 2005 1702 ὃ
2036 1640 2247 1714 ἔλεγεν
2277 1637 2733 1718 Ἀνδροσθένης
2765 1636 2922 1714 ὑπὲρ
2953 1639 3075 1700 τῶν

744 1743 811 1807 ἐν
837 1742 1038 1827 Τύλῳ.
1100 1742 1304 1807 Recte
1348 1743 1779 1810 Schneiderus
1826 1744 2281 1810 aminadvertit
2326 1744 2416 1810 ibi
2464 1744 2734 1809 eandem
2780 1763 2913 1808 rem
2961 1744 3074 1808 sub

743 1848 997 1913 nomine
1027 1848 1497 1917 Androsthenis
1546 1851 1827 1917 describi
1865 1859 2061 1935 atque
2092 1851 2154 1918 h.
2189 1852 2276 1937 pl.
2316 1852 2428 1935 IV,
2466 1853 2524 1935 7,
2556 1851 2595 1917 8
2630 1850 2767 1916 sine
2799 1849 3075 1915 auctoris

741 1954 1009 2040 indiciO,
1070 1955 1263 2021 etiam
1310 1956 1473 2021 haec
1519 1957 1716 2040 igitur
1762 1959 1959 2023 verba
2006 1956 2472 2024 Androsthenis
2519 1977 2678 2023 esse.
2769 1956 2825 2021 E
2874 1955 3074 2020 Theo·

741 2059 1009 2145 phrasto
1056 2062 1196 2146 ipso
1243 2063 1441 2146 igitur
1487 2063 1732 2128 Plinius
1788 2065 1990 2129 verba
2035 2064 2099 2129 h.
2146 2065 2232 2148 pl.
2284 2065 2397 2148 IV,
2450 2065 2508 2147 7,
2558 2064 2619 2148 8,
2681 2082 2850 2145 quae
2906 2069 3074 2127 certe

609 2192 648 2251 g.
741 2166 1207 2236 Androsthenis
1253 2178 1419 2254 sunt,
1469 2161 1743 2255 sumpsit
1789 2170 1850 2236 h.
1900 2192 1960 2235 n.
2010 2171 2160 2255 XII,
2209 2173 2298 2236 40
2345 2171 2526 2256 (fini).
2858 2197 2866 2205 ·

953 2276 1182 2358 Itaque
1245 2277 1402 2340 mihi
1470 2276 1730 2359 quidem
1789 2277 2209 2362 Sprengelius
2272 2277 2445 2342 nullo
2511 2277 2702 2342 modo
2768 2277 3074 2360 probasse

739 2379 991 2445 videtur
1039 2381 1268 2446 seriem
1316 2381 1700 2467 scriptorum
1750 2403 1959 2448 rerum
2007 2383 2394 2465 Alexandri,
2456 2373 2626 2466 quae
2683 2382 2747 2446 in
2811 2380 3072 2447 elencho

737 2486 913 2553 librr.
947 2487 1079 2551 XII
1108 2493 1173 2552 et
1201 2488 1366 2552 XIII
1413 2495 1838 2574 enumeratur,
1889 2510 1925 2554 e
1970 2490 2142 2555 Juba
2173 2489 2576 2574 desumptam
2607 2508 2768 2554 esse.
2830 2487 3074 2565 Quodsi

737 2593 830 2658 ita
877 2601 1066 2678 esset,
1131 2614 1244 2659 cur
1291 2594 1455 2660 haec
1502 2596 1699 2662 series
1747 2618 1873 2662 non
1920 2597 2202 2662 occurrit
2248 2597 2312 2662 in
2371 2595 2692 2662 indicibus
2736 2594 2915 2661 librr.
2960 2595 3071 2678 VI,

738 2700 883 2783 VII,
932 2700 1091 2766 VIII
1137 2701 1284 2766 hist.
1333 2708 1485 2786 nat„
1533 2704 1597 2766 in
1645 2703 1876 2785 quibus
1924 2705 2204 2768 maxime
2252 2703 2548 2768 adhibuit
2594 2703 2806 2769 Jubae
2856 2701 3070 2785 libros,

735 2807 1047 2892 imprimis
1110 2808 1216 2894 ‚de
1278 2809 1690 2894 expeditione
1755 2793 2084 2876 Arabica‘.
2198 2811 2431 2877 Obstat
2489 2810 2832 2894 imprimis,
2900 2807 3070 2891 quod

735 2916 1018 2981 nonnulli
1065 2916 1413 3001 scriptores
1460 2918 1815 2983 Alexandri
1864 2926 1929 2984 et
1975 2919 2039 2983 in
2087 2919 2213 2985 illis
2261 2919 2671 2987 nominantur
2728 2917 3069 2999 indicibus,

734 3022 999 3087 multum
1035 3029 1251 3088 tamen
1289 3023 1493 3108 abest,
1531 3033 1601 3092 ut
1641 3031 1780 3090 tota
1804 3025 2002 3091 series
2043 3033 2471 3110 enumeretur,
2501 3045 2668 3108 quae
2695 3024 2748 3090 si
2773 3024 2838 3088 in
2862 3023 3071 3089 Jubae

731 3127 913 3193 libris
958 3129 1217 3214 fuisset,
1277 3136 1343 3209 et
1389 3129 1479 3194 ibi
1527 3131 1919 3197 nominasset
1965 3132 2227 3205 Plinius.
2322 3132 2511 3198 Unde
2557 3131 2901 3215 sumpserit
2946 3130 3071 3194 Pli-

734 3235 877 3300 nius
937 3235 1104 3300 hunc
1164 3235 1441 3301 indicem
1502 3238 1887 3322 scriptorum
1934 3239 2318 3324 Alexandri,
2383 3259 2576 3321 quam
2633 3238 3069 3321 quaestionem

732 3350 1038 3425 quantum
1086 3344 1221 3410 scio
1270 3345 1350 3410 H.
1398 3346 1720 3411 Brunnius
1767 3348 2009 3432 primus
2057 3349 2122 3412 in
2170 3349 2589 3414 celeberrima
2638 3346 3069 3432 disputatione

730 3451 1067 3535 isagogica
1113 3452 1460 3535 diligenter
1504 3456 1954 3538 pertractavit,
2020 3455 2278 3520 difficile
2326 3463 2424 3520 est
2471 3455 2846 3520 diiudicatu.
2937 3453 3069 3519 Sed

732 3558 785 3622 si
831 3558 1163 3644 respiciaS,
1216 3557 1390 3641 quod
1437 3579 1637 3644 supra
1682 3561 2122 3626 Alexandriae
2169 3561 2409 3626 factam
2458 3581 2600 3626 esse
2635 3559 3069 3645 Theophrasti

730 3664 1073 3730 editionem
1122 3665 1434 3750 diximus,
1497 3664 1654 3747 quid
1716 3666 1943 3731 mirum
2005 3667 2178 3749 quod
2226 3667 2702 3733 Alexandrinus
2749 3687 3067 3750 gramma-

727 3771 891 3837 ticus
917 3770 1106 3857 idem,
1159 3774 1266 3854 qui
1300 3771 1645 3839 editionem
1677 3773 2054 3858 composuit,
2091 3774 2259 3838 hunc
2289 3775 2670 3859 scriptorum
2701 3774 3081 3856 catalogum·

730 4008 941 4062 inutile
1000 4007 1239 4062 videtur
1297 4007 1590 4062 adnotare
1648 4023 1784 4063 esse
1836 4010 2264 4079 navigationes
2319 4011 2382 4062 in
2439 4010 2589 4062 mari
2648 4009 2849 4075 rubro,
2911 4023 3066 4076 quas

730 4098 900 4164 primi
938 4095 1228 4167 Aegyptii
1278 4098 1553 4151 fecerunt
1603 4101 1980 4152 mercaturae
2020 4113 2156 4151 cum
2196 4096 2488 4152 Sabbaeis
2527 4113 2716 4151 causa
2758 4097 2854 4163 (cf.
2893 4097 2949 4149 h.
2990 4096 3066 4165 pl.

730 4185 827 4253 IX,
866 4185 939 4255 4),
978 4187 1082 4255 qui
1119 4188 1233 4256 ipsi
1284 4190 1689 4240 mercaturam
1743 4203 1880 4240 cum
1919 4187 2091 4240 India
2145 4190 2440 4242 fecerunt.
2515 4174 2827 4240 Habemus
2876 4187 3068 4255 igitur

726 4275 886 4345 apud
922 4275 1403 4346 Theophrastum
1442 4277 1720 4330 notitiam
1767 4281 2148 4330 mercaturae
2200 4277 2381 4329 maris
2428 4277 2612 4338 rubri,
2660 4291 2844 4344 quam
2891 4276 3069 4344 primi

699 4392 702 4395 „
730 4364 1053 4420 Ptolemaei
1092 4379 1269 4435 reges
1307 4365 1703 4418 instituerunt
1733 4363 1829 4434 (cf.
1859 4364 2142 4433 Mahaffy,
2182 4366 2414 4433 history
2442 4367 2509 4419 of
2529 4364 2854 4418 Ptolemies
2883 4363 3070 4433 1895),

726 4456 978 4508 sortasse
1014 4453 1172 4522 inde,
1213 4453 1374 4521 quod
1411 4453 1864 4523 Theophrastus
1902 4455 2020 4507 iam
2059 4455 2370 4508 itineraria
2410 4455 2625 4507 horum
2659 4456 3069 4506 mercatorum

726 4547 991 4610 noverat,
1046 4544 1366 4596 terminum
1406 4544 1816 4612 conceptionis
1865 4543 2151 4597 librorum
2208 4543 2733 4612 phytologicorurn
2792 4541 3069 4610 colliges
