3409 5342
277 1058 397 1155 Natus
427 1109 496 1153 sum
526 1088 659 1152 Pnunns
681 1089 813 1172 Wrnrz,
851 1088 903 1152 die
933 1088 1047 1152 XXIII
1077 1110 1117 1154 m.
1142 1076 1341 1172 Septembris

170 1237 200 1280 a.
218 1216 247 1281 h.
265 1237 291 1281 s.
308 1215 431 1279 LXXV
455 1219 549 1298 patre
572 1212 719 1277 Iohanne
742 1214 849 1297 Petro,
874 1220 975 1277 matre
998 1213 1162 1277 Dorothea
1187 1212 1340 1294 degente

169 1341 285 1423 Bauer,
306 1340 337 1402 in
353 1339 474 1423 oppido
490 1338 645 1419 Alsatiae,
663 1337 748 1419 quod
766 1338 947 1403 Saarunion
963 1337 1062 1402 audit.
1078 1337 1173 1401 Iidem
1190 1337 1341 1423 profiteor

170 1464 404 1546 evangelicam.
436 1471 588 1548 parentes
619 1463 695 1527 mihi
726 1463 914 1548 superstites
939 1483 1010 1528 csse
1034 1463 1172 1546 gaudeo.
1227 1462 1341 1526 Primis

169 1590 348 1653 litterarum
382 1589 547 1653 elementis
579 1589 719 1653 imbutus
757 1586 893 1672 primum
932 1587 1075 1652 scholam
1108 1594 1174 1651 turn
1209 1586 1341 1651 latinam

170 1714 283 1799 oppidi
305 1715 547 1797 Lotharingiae,
573 1714 659 1796 quod
683 1714 953 1780 Chateau-Salins
977 1713 1077 1797 audit,
1101 1713 1176 1777 inde
1200 1713 1241 1777 ab
1258 1733 1341 1777 anno

171 1840 202 1905 11.
228 1860 252 1923 s,
277 1839 453 1903 LXXXIX
476 1840 622 1922 Lyceum
647 1839 803 1903 Mettense
834 1837 911 1921 adii,
942 1837 996 1901 ubi
1021 1836 1225 1921 maturitatis,
1255 1836 1340 1918 quod

170 1964 290 2047 dicunt,
305 1963 519 2028 testimonium
532 1970 656 2028 aestate
669 1965 700 2027 11.
713 1985 737 2029 1.
751 1962 858 2027 XCIV
867 1961 1006 2046 adeptus
1017 1983 1096 2035 sum,
1111 1961 1254 2027 eiusdem
1268 1962 1342 2025 anni

170 2093 342 2150 aucturnno
360 2088 390 2150 in
405 2087 654 2152 Universitatem
668 2086 935 2170 Argentinensem
952 2106 1002 2149 me
1019 2086 1147 2168 contuli,
1161 2086 1215 2150 ubi
1229 2106 1342 2150 novem

170 2217 340 2276 semestres
357 2212 475 2277 scholis
491 2212 664 2297 philologis
688 2218 720 2276 et
736 2212 896 2277 historicis
915 2211 1000 2277 dedi.
1023 2211 1200 2276 docuerunt
1216 2231 1266 2274 me
1282 2209 1341 2276 viri

171 2336 299 2402 summi:
316 2337 467 2402 Bresslau
493 2338 637 2401 Groeher
661 2336 783 2400 Heinze
807 2336 957 2420 Henning
974 2335 1203 2401 thsehmann
1224 2335 1341 2400 Kaihel

171 2460 244 2524 Keil
256 2461 422 2526 Michaelis
432 2455 601 2527 Neumann
614 2460 831 2524 Reitzenstein
844 2460 972 2524 Sackur
984 2460 1152 2525 Schwartz
1165 2460 1341 2525 Thraerner

171 2586 392 2669 Varrentrapp
409 2583 627 2676 Windelhand
649 2584 785 2666 Ziegler.
810 2584 971 2648 seminarii
995 2585 1150 2669 philologi
1171 2592 1205 2649 ut
1222 2585 1343 2651 sodalis

171 2708 353 2774 ordinarius
370 2728 484 2791 essem,
509 2706 626 2787 in'signi
644 2707 782 2771 Kaihelii
799 2708 1031 2790 Reitzeiniique
1055 2729 1134 2790 erga
1157 2731 1208 2774 me
1232 2711 1341 2774 volun·
1368 2779 1370 2784 ,

172 2839 239 2895 tate
252 2832 373 2895 lactum
387 2839 444 2915 est,
459 2838 491 2896 et
506 2831 635 2896 interlui
649 2831 919 2916 disputationibus
934 2854 992 2917 per
1005 2833 1145 2915 quinque
1160 2842 1340 2902 semestres,

172 2956 442 3021 exercitatinones
474 2963 643 3041 praeterea
673 2956 892 3039 frequentavi,
920 2934 1012 3037 *quas
1046 2957 1078 3021 in
1111 2959 1342 3042 proserninario

171 3082 335 3166 philologo
360 3082 480 3146 Heinze
507 3082 622 3146 Kaibel
646 3081 863 3145 Reitzenstein
889 3081 1082 3166 habuerunt,
1113 3085 1343 3165 grammaticas

172 3214 204 3271 et
228 3208 457 3291 epigraphicas
481 3228 562 3288 quas
585 3207 722 3272 instituit
746 3207 819 3271 Keil
843 3227 997 3291 persen,
1028 3207 1197 3274 historicas
1222 3216 1253 3273 et
1277 3211 1343 3294 epi-

171 3330 361 3414 graphicas,
393 3350 473 3412 quas
497 3331 683 3395 moderatur
705 3332 891 3414 Neumann,
918 3351 976 3415 per
1003 3339 1128 3416 septem
1160 3341 1341 3417 semestres,

171 3455 300 3518 Sackur
330 3475 389 3539 per
421 3475 479 3519 sex
503 3476 639 3522 menses.
677 3456 846 3531 Seminarii
879 3455 1021 3520 historici
1052 3457 1174 3522 aditum
1205 3459 1342 3539 henigne

171 3578 249 3642 mihi
273 3579 370 3643 medii
394 3580 466 3644 aevi
490 3601 548 3665 per
579 3588 644 3645 tres
677 3586 848 3645 semestres
874 3580 1040 3664 Bresslau,
1071 3589 1200 3647 nostrae
1224 3585 1342 3649 aetatis

173 3705 394 3789 Varnentrapp
428 3724 486 3789 per
519 3703 582 3767 duo
616 3711 787 3769 semestres
820 3705 958 3785 henigne
991 3699 1067 3768 mihi
1105 3717 1342 3775 concesserunt.

172 3828 289 3909 quihus
323 3829 470 3894 omnibus
503 3828 579 3906 viris
616 3829 810 3893 doctissimis
844 3836 876 3893 et
909 3829 950 3893 de
983 3851 1033 3894 me
1068 3834 1188 3914 optime
1221 3834 1344 3898 meritis

170 3953 309 4035 gratiam
334 3960 365 4016 et.
389 3974 472 4017 nune
497 3954 600 4018 haheo
624 3961 656 4018 et
679 3973 806 4038 semper
830 3952 956 4019 habebd
982 3975 1080 4036 quam
1104 3957 1287 4025 maximam.
