3409 5342
833 478 1049 556 ..30...

364 682 520 766 σκορπίου
551 687 632 769 οὐρᾷ
662 736 798 750 .....
829 685 945 752 τούτου
976 690 1033 766 τὴν
1063 687 1152 766 ῥίζαν
1181 689 1265 767 φασὶ
1297 682 1533 767 προςαχθεῖσαν

364 795 508 877 σκορπίῳ
530 794 703 872 παραλύειν
726 793 832 869 αὐτὸν,
857 795 1066 873 διεγείρεσθαι
1087 797 1122 858 δὲ
1137 794 1239 869 πάλιν,
1253 795 1421 872 ἐλλεβόρου
1437 814 1532 875 προςς

363 903 517 978 τεθέντος.
554 900 604 965 Ex
628 900 742 965 codem
764 908 862 982 atquc
877 899 1078 965 Dioscoridis
1094 907 1225 965 auctore
1241 907 1370 985 sumpta
1383 900 1533 966 videntur

364 1006 520 1075 Nicandri
544 1006 644 1073 verba
666 1007 717 1073 Al.
742 1028 772 1072 v.
797 1007 840 1072 36
864 1026 935 1089 sqq.

513 1132 578 1210 Τὴν
601 1134 657 1210 μὲν
680 1135 714 1196 τε
736 1133 876 1195 κλείουσι
900 1132 1076 1209 μυοκτόνον
1078 1181 1245 1206 ......

515 1237 545 1301 οἱ
569 1239 606 1301 δέ
628 1258 661 1303 τε
684 1239 916 1317 πορδιαλαγχές
940 1286 1075 1301 .....

513 1346 644 1409 πολλάκι
669 1346 854 1425 θηλυφόνον
877 1347 928 1408 καὶ
952 1344 1126 1423 κάμμαρον·
1152 1345 1186 1408 ἐν
1210 1343 1413 1423 δ’Ἀκοναίοις

515 1455 643 1533 δηλήειν
667 1453 813 1517 ἀκόνιτον
836 1451 1070 1531 ἐνεβλάστησεν
1094 1451 1251 1531 ὀρόγκοις.

472 1575 586 1642 Omnia
609 1576 710 1643 babes
734 1577 925 1658 cognomina
952 1574 1164 1642 Dioscoridis.
1215 1575 1296 1640 Erat
1324 1575 1422 1659 igitur
1452 1575 1532 1640 anti-

365 1704 429 1767 qua
452 1682 613 1767 quaedam
637 1683 755 1749 aconiti
779 1682 966 1768 descriptio,
989 1683 1022 1746 in
1047 1702 1111 1765 qua
1134 1682 1218 1747 idem
1245 1682 1407 1748 aconitum
1436 1688 1533 1764 atquc

364 1790 584 1876 thelyphonon
623 1789 800 1857 dicebatur.
863 1790 938 1874 Ipse
977 1788 1222 1874 Theophrastus
1265 1790 1349 1855 hauc
1393 1789 1532 1855 nondum

364 1898 499 1964 inscruit
521 1896 611 1963 libris
633 1896 717 1963 suis:
750 1897 818 1962 eius
841 1896 943 1982 ipsius
966 1896 1085 1962 aconiti
1108 1895 1355 1981 descriptionem
1378 1897 1533 1963 habemus

364 2007 396 2069 in
421 2003 516 2071 codd.
540 2005 641 2088 UMP,
665 2024 706 2068 ex
729 2005 778 2069 U*
811 2004 915 2069 eiecta
946 2011 1004 2070 cst.
1055 2003 1178 2069 Plinius
1208 2025 1299 2070 suam
1330 2004 1448 2070 aconiti
1479 2004 1533 2068 de-

365 2110 572 2197 scriptionem
595 2110 732 2195 sumpsit
755 2130 796 2175 ex
820 2109 935 2175 eodem
958 2118 1056 2194 atque
1079 2110 1288 2176 Dioscorides
1313 2119 1454 2178 auctore.

471 2218 551 2303 (lap.
578 2218 629 2302 19,
655 2219 670 2282 1
697 2217 941 2302 Theophrastus
965 2218 1108 2303 plantam
1133 2217 1306 2302 quandam,
1339 2238 1422 2301 quac
1447 2238 1532 2303 ‚ouo-

364 2326 483 2391 thcras‘
508 2324 608 2408 audit,
634 2323 796 2391 describit.
821 2325 863 2392 cf.
888 2325 969 2393 Plin.
994 2325 1025 2392 h.
1049 2347 1080 2392 n.
1104 2325 1227 2410 XXVI,
1253 2327 1329 2393 111:

365 2455 384 2531 ἡ
409 2455 445 2516 δὲ
467 2455 525 2517 τοῦ
541 2452 683 2529 ὀνοθήρα
704 2451 774 2529 ρίζα
789 2456 923 2516 δοθεῖσα
978 2458 1009 2516 et
1033 2451 1204 2518 onotheras
1227 2451 1297 2518 sive
1313 2473 1411 2518 onear
1428 2451 1532 2516 hilari-

366 2561 400 2624 ἐν
434 2559 511 2643 οἴνῳ
549 2559 728 2643 πρᾳότερον
760 2561 810 2623 καὶ
841 2559 924 2638 ἱλαρ-
977 2565 1077 2624 tatem
1097 2558 1248 2624 adferens
1270 2558 1303 2623 in
1320 2559 1404 2642 vino,
1421 2579 1531 2642 amyg-

366 2667 486 2745 ώτερον
509 2670 592 2730 ποιεί
613 2667 651 2729 τὸ
674 2665 763 2744 ἦθος.
802 2666 863 2743 ἔχει
888 2669 923 2729 δὲ
978 2665 1074 2730 dalac
1096 2666 1173 2731 iolio
1199 2717 1206 2732 .
1232 2717 1240 2733 .
1266 2716 1273 2732 .
1299 2716 1307 2732 .

366 2773 464 2850 ὁμὲν
488 2772 649 2852 ὀνοθήρας
673 2821 680 2836 .
705 2823 712 2836 .
738 2823 744 2836 .
770 2822 776 2836 .

473 2897 552 2962 Cum
576 2872 657 2961 unus
680 2894 784 2961 codex
807 2894 857 2959 U*
882 2893 1035 2960 exhibeat
1057 2894 1192 2959 formam
1220 2895 1389 2974 ὀνοθήρας,
1421 2895 1533 2977 reliqui

364 3022 475 3068 omnes
498 3002 640 3068 habeant
663 3002 856 3081 οίνοθήρας,
880 3001 1003 3067 Plinius
1027 3000 1171 3082 sequitur
1195 3001 1254 3067 Ut.
1279 3002 1319 3068 cf.
1342 3002 1451 3068 Diosc.
1476 3003 1531 3086 IV,

368 3110 431 3175 116
455 3110 584 3188 ὀνάγρα·
609 3109 640 3172 οἱ
664 3112 700 3173 δὲ
723 3109 894 3187 ὀνοθήραν.
941 3107 1133 3173 Coniectura
1149 3128 1227 3173 sane
1244 3109 1415 3189 ὀινοθήρας
1431 3109 1534 3174 forma

301 3200 304 3204 Δ
365 3223 436 3282 orta
460 3236 530 3282 esse
554 3215 692 3300 videtur,
716 3235 789 3280 eum
812 3214 853 3279 de
878 3235 917 3279 ea
940 3220 1055 3300 postea
1069 3213 1312 3299 Theophrastus
1330 3215 1447 3281 dixerit
1470 3215 1533 3281 ὄζει

366 3327 402 3390 δὲ
424 3325 618 3403 αὐανθείσης
641 3323 752 3401 ὥσπερ
776 3322 897 3398 οἴνοιι,
922 3341 1022 3405 quare
1046 3322 1218 3402 οἰνοθήρας
1241 3323 1357 3406 aliquis
1379 3323 1534 3389 nominari

366 3437 481 3516 putare
516 3429 629 3515 potuit,
669 3449 765 3512 quam
800 3429 1018 3495 coniecturam
1053 3447 1163 3494 omncs
1195 3435 1269 3494 autc
1304 3430 1534 3496 Schneiderum

366 3543 558 3623 receperunt
582 3535 722 3602 editores
755 3538 865 3619 itaque
895 3543 927 3600 et
957 3534 1045 3620 apud
1076 3535 1300 3602 Dioscoridem
1330 3537 1534 3609 restituerunt

366 3645 485 3710 formas
509 3645 670 3723 οίνάγραν,
695 3645 877 3724 οίνοθήραν,
901 3643 1092 3721 ὀινόθουριν.

474 3751 626 3817 Similiter
657 3773 709 3841 res
742 3751 773 3816 in
808 3749 1027 3837 paragrapho,
1061 3770 1144 3832 qnae
1174 3751 1318 3834 sequitur
1351 3772 1386 3817 sc
1416 3751 1534 3816 habere

367 3859 504 3941 videtur,
538 3859 591 3923 ubi
624 3857 868 3943 Theophrastus
900 3858 1061 3936 τριπόλιον
1093 3856 1259 3943 describit,
1293 3859 1379 3942 quod
1414 3858 1535 3924 Plinius

368 3965 509 4053 ‚polium‘
533 3972 645 4032 vocat:

399 4064 564 4177 asopus
587 4090 618 4158 u.
643 4092 687 4177 pr.
711 4092 771 4175 rx,
797 4091 849 4176 19,
873 4092 894 4155 a
1069 4090 1150 4156 Prin.
1175 4090 1205 4156 u.
1230 4112 1260 4158 n.
1285 4092 1376 4175 uxr,
1400 4093 1444 4156 44

369 4217 419 4280 καὶ
443 4217 489 4294 ὡς
512 4218 551 4295 δή
580 4231 663 4294 φασι
696 4217 732 4279 τὸ
764 4216 926 4294 τριπόλιον
980 4215 1064 4279 siout
1107 4215 1196 4300 apud
1234 4216 1377 4282 Graecos
1415 4216 1536 4300 polium

369 4323 438 4387 καθ’
453 4322 606 4386 Ἡσίοδον
626 4325 676 4386 καὶ
693 4322 864 4387 Μουσαῖον
881 4322 926 4401 εἰς
981 4321 1131 4406 herbam,
1163 4323 1318 4388 inclutam
1351 4323 1475 4388 Musaei
1504 4330 1537 4388 et

368 4432 926 4509 ndvupdrnc**sxodomovsivoa
981 4428 1117 4494 Hesiodi
1161 4429 1312 4494 laudibus
1351 4429 1393 4495 ad
1430 4430 1539 4495 omnia

983 4534 1093 4600 utilem
1116 4535 1382 4622 praedicantium.
