3409 5342
1696 497 2137 562 ...44-

749 686 1031 753 excussit
1061 686 1256 753 libros
1289 690 1812 775 Theophrasteos
1861 692 1968 771 (cf.
2002 691 2319 756 Lambros
2351 712 2414 774 p.
2451 691 2533 754 10
2577 695 2756 754 textu
2793 696 2856 754 et
2893 707 3096 770 argu-

746 794 1024 879 mentis).
1054 795 1155 860 Ex
1176 796 1379 862 altero
1399 799 1692 884 exemplo
1714 799 2049 882 intelleges
2069 797 2328 883 saepius
2343 796 2835 881 Aristophanem
2856 803 2919 861 et
2939 795 3097 861 aliis

747 900 905 967 locis
924 902 1288 969 Aristotelis
1313 905 1778 989 expositionem
1804 906 1884 970 de
1923 904 2305 970 animalibus
2340 904 2598 968 auxisse
2626 901 3097 969 additamentis

748 1028 831 1072 ex
877 1009 1381 1094 Theophrastcis
1447 1011 1625 1077 libris
1696 1012 2088 1096 desumptis:
2153 1033 2217 1096 p.
2252 1013 2357 1093 35,
2405 1011 2813 1095 1(Lambros)
2871 1009 3096 1092 agitur

749 1113 831 1178 de
877 1114 1098 1180 bestiis
1145 1116 1529 1199 quibusdam
1579 1119 1832 1198 βλητικά
1894 1117 2268 1202 appellatis,
2333 1117 2661 1183 Aristoteli
2720 1116 2847 1201 ipsi
2892 1117 3097 1200 plane

747 1221 1004 1305 ignotis,
1098 1223 1343 1289 Addita
1390 1231 1486 1291 est
1534 1225 1695 1290 haee
1745 1224 2062 1290 sententia
2109 1245 2145 1289 6
2183 1224 2613 1309 Theophrasti
2658 1223 2860 1308 libris,
2911 1222 3095 1305 quod

745 1329 874 1393 iam
920 1329 1245 1415 Sauppius
1293 1338 1467 1395 reete
1512 1331 1756 1396 monuit
1821 1332 1930 1415 (cf.
1979 1331 2294 1396 Lambros
2338 1331 2506 1415 1.1.)‚
2557 1330 2664 1413 qui
2705 1331 2783 1396 fr.
2823 1331 2947 1395 178
2984 1330 3091 1394 W.

749 1442 987 1519 (exstat
1034 1436 1210 1522 apud
1258 1437 1407 1504 Ath.
1456 1438 1581 1502 VII
1602 1461 1665 1523 p.
1715 1439 1929 1521 314b)
1992 1438 2130 1521 agit
2177 1438 2258 1502 de
2307 1438 2404 1504 his
2451 1438 2855 1521 animalibus,
2918 1457 3095 1519 quae

750 1542 1181 1630 Theophrasti
1246 1546 1445 1610 verba
1509 1546 1667 1611 citat
1731 1546 2037 1611 Aelianus
2105 1545 2213 1629 (cf.
2272 1544 2419 1611 hist.
2478 1566 2581 1611 an.
2631 1545 2733 1611 ed.
2798 1544 3094 1610 Hereher

747 1673 810 1736 p.
861 1654 964 1736 74,
1014 1652 1080 1736 8)
1131 1659 1193 1716 et
1238 1652 1441 1737 ipsius
1489 1653 1923 1738 Theophrasti
1971 1652 2255 1718 auctoris
2302 1673 2533 1717 nomen
2578 1652 2778 1737 ponit.
2841 1652 3090 1717 Aristo-

747 1758 1022 1843 phanem
1062 1758 1256 1842 igitur
1286 1760 1670 1844 Byzantium
1717 1760 1992 1826 vidimus
2026 1759 2390 1825 excussisse
2424 1759 2857 1845 Theophrasti
2887 1759 3092 1823 libros

746 1866 1221 1950 phytologicos.
1293 1867 1460 1932 Ante
1510 1887 1655 1932 eum
1703 1887 1849 1932 cum
1882 1867 2217 1951 neminem,
2267 1874 2413 1952 post
2446 1866 2945 1952 Aristophanem
2984 1865 3090 1930 vel

747 1972 876 2036 iam
924 1971 1151 2036 eadem
1198 1980 1413 2038 aetate
1444 1973 1823 2058 saepissime
1855 1973 2253 2039 inveniamus
2285 1980 2600 2057 auctores,
2635 1973 2743 2055 qui
2777 1972 3089 2037 adhibue-

747 2079 873 2143 rint
921 2079 1352 2164 Theophrasti
1399 2079 1730 2146 historiam
1777 2081 2171 2166 plantarum,
2230 2080 2613 2146 scholiastas
2662 2079 2834 2164 dico,
2898 2100 3091 2164 para-

748 2186 1228 2272 doxographos.
1279 2187 1451 2265 Quid
1485 2188 1567 2252 de
1597 2187 1761 2252 libro
1787 2187 2431 2272 pseudoaristotelico
2457 2187 2761 2252 iudicium
2787 2187 3086 2270 feremus,

749 2313 936 2376 quem
964 2300 1111 2358 suut
1142 2293 1262 2359 viri
1297 2294 1469 2359 docti
1505 2294 1613 2377 qui
1648 2300 1712 2358 et
1744 2293 1914 2359 tertii
1949 2294 2240 2359 exeuntis
2275 2295 2518 2360 saeculi
2552 2315 2692 2360 6666
2725 2293 3088 2359 affirment?

746 2399 973 2465 Liceat
1033 2402 1256 2485 paucis
1304 2402 1517 2466 verbis
1576 2400 1743 2465 hanc
1806 2401 2244 2484 quaestionem
2305 2408 2606 2485 tangere:
2669 2407 2842 2466 recte
2888 2400 3087 2465 Well-

748 2526 1038 2591 mannus,
1085 2507 1365 2572 Hermae
1394 2508 1543 2574 voll.
1578 2508 1799 2572 XXVI
1833 2515 1896 2571 et
1920 2508 2177 2572 XXVII
2207 2508 2507 2592 probavit
2539 2507 2870 2573 Aelianum
2901 2527 3086 2572 usum

750 2634 893 2680 6666
938 2614 1301 2680 Aristotelis
1349 2615 1652 2680 historiae
1713 2615 2081 2679 animalium
2143 2616 2426 2700 epitoma
2472 2613 2922 2700 Aristophanis
2970 2633 3087 2698 per

748 2721 1101 2786 Alexandri
1165 2721 1413 2806 Myndii
1475 2722 1673 2787 libros
1740 2730 1803 2787 et
1862 2722 2137 2787 Plinium
2203 2743 2319 2807 per
2375 2722 2584 2788 Jubae
2641 2721 3085 2787 Mauretaniae

749 2831 920 2910 regis
967 2828 1188 2895 libroS.

962 2934 1182 3011 Quid?
1230 2935 1403 3017 quod
1449 2935 1514 3000 in
1561 2935 1725 3001 libro
1774 2936 1856 3001 de
1903 2936 2126 3002 mirab.
2178 2937 2473 3021 auscult.,
2521 2935 2811 3020 Aeliano,
2877 2932 3086 2999 Plinio

750 3040 979 3106 eadem
1028 3041 1364 3126 dispositio
1411 3061 1622 3107 rerum
1672 3043 1989 3109 occurrit:
2039 3063 2094 3109 e.
2138 3064 2202 3127 g.
2236 3042 2486 3108 Aeliani
2536 3042 2680 3108 hist.
2716 3063 2818 3108 an.
2848 3041 2967 3123 IX,
3007 3039 3086 3104 15

752 3148 1045 3232 congruit
1110 3169 1252 3213 cum
1319 3149 1546 3215 mirab.
1613 3151 1886 3215 auscult.
1937 3170 1992 3215 c.
2046 3151 2174 3215 140
2221 3157 2304 3215 et·
2336 3151 2454 3214 141
2529 3156 2593 3214 et
2657 3149 2848 3214 Plinii
2911 3148 2975 3214 h.
3025 3168 3085 3211 n.

751 3256 868 3340 XI,
916 3257 1067 3321 279.
1159 3254 1407 3341 Addas,
1475 3255 1648 3339 quod
1713 3257 1778 3321 in
1824 3256 2013 3322 Plinii
2076 3256 2293 3323 verbis
2357 3256 2685 3321 antecedit
2748 3254 3085 3338 sententia,

751 3382 919 3444 quae
966 3362 1141 3447 apud
1191 3362 1710 3448 Theophrastum
1773 3363 1975 3432 redit:
2048 3383 2236 3447 ,quae
2300 3362 2551 3428 insecta
2580 3359 2586 3363 ⁴
2619 3361 3086 3448 appellavimus

751 3469 964 3534 omnia
1010 3469 1133 3533 olei
1180 3469 1496 3555 adspersu
1543 3477 1876 3553 necantur,
1925 3472 2210 3536 vultures
2257 3472 2567 3554 unguenti
2613 3511 2700 3520 —
2747 3472 2856 3554 qui
2901 3469 3087 3553 fugat

754 3580 911 3640 alius·
962 3582 1274 3661 appetunt
1319 3575 1582 3642 odorem
1629 3617 1716 3625 —
1764 3577 2100 3642 scarabaei
2148 3599 2316 3662 rosa,
2375 3578 2690 3660 quosdam
2755 3583 3085 3663 serpentes

754 3684 1006 3768 :amu-piu
1067 3683 1346 3750 occidit.‘
1436 3684 1492 3749 E
1541 3683 1974 3770 Theophrasti
2022 3706 2076 3751 c.
2125 3686 2214 3770 pl.
2265 3687 2376 3770 VI,
2438 3686 2500 3770 5,
2568 3688 2597 3750 1
2665 3685 2830 3750 haec
2888 3685 3085 3750 verba

754 3803 1010 3876 sumpta.
1058 3810 1197 3857 esse
1246 3790 1544 3875 diximus,
1610 3810 1777 3873 quae
1835 3791 2111 3875 primum
2172 3793 2237 3855 in
2292 3791 2741 3877 Aristophanis
2806 3793 3086 3877 epitoma

758 3920 910 3960 nrt-u
922 3920 978 3960 rr·
990 3903 1115 3964 unt.
1209 3898 1283 3961 In
1317 3897 1546 3963 eadem
1578 3905 1766 3982 parte
1797 3898 2024 3965 mirab.
2059 3899 2354 3984 auscult.,
2397 3919 2589 3982 quam
2619 3919 2763 3963 cum
2795 3898 3082 3981 Aeliano,

764 4008 962 4068 l'linin
1014 4023 1366 4085 eongruere
1400 4004 1699 4089 diximus,
1750 4012 2007 4070 exstant
2039 4012 2103 4070 et
2134 4006 2297 4072 haec
2328 4005 2822 4092 Theophrastea
2863 4004 3082 4070 verba:

754 4132 806 4176 v.
870 4116 1006 4176 1st
1101 4113 1341 4188 λέγεται
1391 4115 1462 4177 δὲ
1506 4114 1607 4176 καὶ
1654 4114 1806 4189 τοὺς
1850 4117 2055 4192 γῦπας
2091 4116 2215 4178 ὑπὸ
2262 4119 2374 4193 τῆς
2432 4119 2560 4179 τῶν
2617 4113 2834 4192 μύρων
2878 4113 3084 4191 ὀσμῆς

758 4223 1197 4296 ι-ἐπῡῌψήσκειν,
1247 4219 1359 4283 ἐάν
1404 4241 1498 4297 τις
1545 4220 1779 4297 αὐτοὺς
1823 4221 2009 4305 χρίσῃ
2040 4222 2078 4298 ἢ
2115 4225 2206 4305 δῷ
2236 4242 2291 4284 τι
2333 4223 3082 4300 μεμυρισμένονφαγεῖν·

758 4328 1066 4400 maziam-mg
1123 4327 1194 4389 δὲ
1254 4326 1353 4389 καὶ
1412 4327 1563 4403 τοὺς
1625 4328 1983 4403 κανθάρους
2043 4327 2165 4390 ὑπὸ
2225 4332 2338 4404 τῆς
2397 4333 2525 4391 τῶν
2587 4327 2799 4405 ῥόδων
2859 4327 3082 4404 ὀσμῆς.

674 4440 678 4444 “
761 4432 830 4496 Et
886 4432 1059 4516 11111111
1107 4430 1448 4495 Aelianum
1497 4437 1561 4495 et
1593 4430 1867 4495 Plinium
1902 4438 1965 4495 et
1999 4439 2326 4496 auctorem
2358 4433 2584 4496 mirab.
2620 4431 2892 4498 auscult.
2926 4429 3084 4494 haec

758 4564 790 4600 τ
802 4540 950 4600 611111
1002 4540 1393 4624 interspersa
1439 4546 1586 4603 sunt
1618 4536 1950 4603 sententiis
1996 4558 2078 4603 ex
2108 4538 2520 4604 Aristotelica
2551 4538 2817 4604 historia
2847 4537 3084 4603 anima-
