3409 5342
958 690 962 850 i
1131 810 1162 877 b.
1186 831 1217 877 n.
1241 811 1332 896 XXI,
1357 812 1401 877 66

375 902 435 982 ἔχει
466 910 502 970 δὲ
533 910 551 971 b
575 912 778 993 ἐλειδχρυσος
808 917 844 980 τὸ
876 921 932 994 μὲν
987 917 1210 1002 heliochrysus
1225 916 1336 982 florem
1352 917 1541 984 babetouro

374 1011 473 1091 ἄνθος
510 1023 703 1099 χρυσοειδές
739 1024 863 1102 φύλλον
896 1028 931 1089 δέ
988 1023 1131 1109 similem,
1163 1024 1273 1089 folium
1302 1031 1398 1090 tenue
1406 1077 1414 1110 ,
1445 1026 1542 1091 cauli-

242 1186 245 1191 ,
375 1124 489 1186 λεπτὸν
512 1127 563 1188 καὶ
586 1130 643 1191 τὸν
666 1132 783 1194 καυλὸν
816 1134 931 1196 λεπτὸν
988 1132 1093 1196 culum
1124 1151 1251 1214 quoque
1286 1132 1451 1217 gracilem,
1484 1132 1540 1198 sed

373 1230 599 1309 καὶ”σκληρόν.
957 1244 961 1311 l
988 1239 1112 1306 durum,

551 1365 626 1425 eea.
651 1359 747 1427 com.
957 1338 960 1456 l
1118 1363 1150 1430 n.
1174 1384 1204 1432 n.
1229 1363 1319 1450 xm,
1347 1365 1410 1431 res

374 1479 434 1559 ἔχει
465 1481 543 1546 δὲὸ
574 1482 777 1565 ἐλειόχρυσος
804 1488 840 1551 τὸ
874 1490 931 1567 μὲν
986 1488 1221 1574 heliochrysum
1245 1488 1300 1553 alii
1332 1489 1540 1574 chrysanthe-

373 1586 472 1667 ἄνθος
507 1594 700 1671 χρυσοειδέςΙ
738 1593 862 1673 φύλλον
895 1600 931 1661 δὲ
986 1618 1058 1661 mou
1071 1604 1198 1681 vocant,
1207 1597 1347 1662 ramulos
1359 1596 1458 1663 habet
1470 1618 1541 1662 can·

373 1698 484 1760 λευκὸν
508 1700 558 1761 καὶ
582 1700 638 1764 τόν
662 1705 779 1767 καυλὸν
803 1707 838 1768 δὲ
863 1708 929 1768 λεν·
985 1703 1089 1789 didos,
1114 1703 1192 1769 folia
1215 1703 1420 1771 subalbida.
1448 1753 1455 1768 .
1481 1755 1488 1770 .
1513 1754 1520 1769 .

373 1803 462 1888 κύν’)
486 1808 537 1869 καὶ
560 1810 709 1888 σκληρόν.

350 1973 352 1983 t
481 1930 601 1997 Λευκόν
632 1952 650 1997 e
680 1935 794 1998 λεπτόν
824 1934 874 2000 bis
902 1955 1010 2000 errore
1040 1934 1166 2000 scribae
1197 1941 1353 1999 mutatum
1385 1953 1456 2001 esse
1485 1953 1541 2019 per

373 2036 468 2100 Plinii
491 2040 733 2106 translationem
757 2043 891 2106 credere
914 2063 976 2106 non
1000 2042 1085 2108 licet.
1125 2041 1236 2119 Quid?
1265 2040 1351 2124 quod
1374 2047 1541 2122 utramque

373 2143 426 2208 hic
450 2144 699 2231 descriptionem
722 2148 849 2214 novisse
872 2148 1025 2216 videtur?
1050 2149 1186 2214 alteram
1211 2169 1291 2217 sane.
1313 2168 1354 2212 ex
1378 2147 1442 2213 alio
1466 2167 1541 2230 quo-

373 2251 449 2317 dam
478 2260 609 2318 auctore
640 2254 791 2339 sumpsit,
823 2255 913 2320 cuius
942 2255 1043 2320 verba
1072 2274 1144 2319 curn
1175 2254 1361 2319 recensione
1392 2253 1538 2318 codicum

374 2378 453 2441 quos
484 2359 621 2426 dicimus
650 2360 839 2445 deteriores,
871 2362 1045 2427 cohaerere
1074 2360 1234 2427 videntur.
1280 2361 1354 2427 lam
1388 2359 1542 2425 habemus

372 2466 572 2532 Dioscuridis
595 2467 689 2534 huius
712 2469 843 2553 plautae
868 2469 1098 2554 desriptionem
1121 2467 1169 2534 ita
1184 2468 1426 2550 conformatam,
1445 2486 1463 2532 e
1479 2486 1542 2549 qua

374 2573 469 2640 codd.
496 2575 570 2640 ΠΜ
577 2575 602 2639 Ρ
636 2574 763 2641 diversa
794 2597 815 2640 a
847 2575 969 2642 codicis
1002 2576 1056 2640 U*
1090 2574 1263 2660 descriptio
1303 2580 1449 2639 correcta
1484 2573 1540 2638 sit:

374 2680 483 2746 Diosc.
506 2681 562 2764 IV,
586 2683 646 2749 hl:
670 2682 867 2762 Ἑλίχρνσον,
882 2683 912 2746 οἱ
929 2685 964 2747 δέ
977 2683 1199 2762 χρυσάνθεμον
1212 2732 1218 2745 .
1233 2731 1240 2746 .
1254 2731 1280 2745 ..
1304 2683 1457 2752 ,καλοῦσιν
1473 2729 1479 2744 .
1494 2730 1500 2741 .
1514 2729 1540 2743 ..

375 2786 507 2865 ῥαβδίον
530 2788 688 2863 λευκόν,
717 2788 850 2867 χλωρόν,
876 2789 984 2867 ὀρθόν,
1010 2790 1149 2868 στερεόν
1169 2788 1275 2868 φύλλα
1298 2787 1396 2852 στενά
1420 2788 1454 2851 ἐκ
1477 2791 1540 2850 δια-

374 2894 545 2971 στημάτων
568 2896 641 2974 ἔχον
663 2897 745 2974 πρὸς
768 2896 807 2958 τὰ
829 2899 887 2958 τού
911 2894 1088 2974 ἀβροτόνου
1105 2944 1112 2959 .
1130 2944 1137 2958 .
1156 2943 1187 2958 ..
1212 2895 1300 2973 ῥίζαν
1324 2895 1448 2970 λεπτήν.
1493 2892 1541 2955 Dc

374 3000 540 3084 ebreleno,
564 3021 702 3083 quocum
725 3021 821 3066 unam
843 3002 979 3066 formam
994 3021 1073 3067 sane
1090 3000 1284 3084 heliochrysi
1300 3006 1466 3084 comparat
1483 2998 1540 3081 lll,

373 3108 417 3171 26
450 3105 544 3172 dicit:
581 3107 757 3187 ἀβρύτονον
788 3158 924 3172 .....
957 3108 1080 3186 θάμνος
1114 3109 1329 3186 δενδροειδής,
1367 3106 1541 3182 ύπύλευκος

374 3219 508 3294 φύλλοις
532 3265 539 3280 .
565 3267 571 3279 .
597 3266 636 3283 ..
669 3218 723 3301 (cl.
751 3217 863 3284 Plinii:
896 3216 975 3282 folia
1006 3216 1202 3295 subalbida).
1250 3215 1371 3281 Plinius
1405 3212 1540 3279 eandem

374 3330 471 3404 atque
487 3322 694 3388 Dioscorides
710 3323 841 3389 exhibet
857 3323 1121 3408 descriptionem:
1145 3323 1224 3388 folia
1240 3321 1411 3389 subalbida
1427 3320 1540 3387 habro-

370 3436 448 3519 tono
471 3429 604 3496 similia:
629 3429 671 3496 ad
689 3431 764 3496 solis
781 3449 1005 3515 repercussum
1021 3450 1139 3496 aureae
1155 3431 1246 3511 lucis,
1269 3430 1301 3495 in
1316 3429 1426 3495 orbem
1443 3426 1539 3492 veluti

373 3535 536 3620 corymbis
560 3535 825 3620 dependentibus,
850 3536 905 3618 qui
929 3556 1102 3619 numquam
1126 3542 1328 3601 marcescunt
1352 3540 1404 3619 (=
1430 3532 1538 3598 Diosc.

373 3643 474 3721 κόμην
497 3646 676 3723 κυκλοτερῆ,
701 3644 839 3718 σκιάδια,
872 3652 1073 3727 χρυσοφανῇ,
1106 3649 1261 3724 περιφερῆ
1293 3644 1404 3720 ὥσπερ
1427 3641 1539 3719 κορύμ-

374 3755 450 3829 βους
473 3749 612 3832 ξηρούς).
659 3749 937 3834 Chrysantbemon
962 3769 1139 3834 cognomen
1166 3749 1243 3814 item
1267 3749 1355 3835 apud
1379 3745 1539 3813 Dioscori-

372 3856 447 3921 dem
470 3856 617 3923 occurrit.
652 3857 763 3921 λευκόν
785 3856 896 3939 itaque
920 3857 1046 3923 duobus
1061 3857 1141 3922 locis
1158 3859 1191 3922 in
1207 3856 1301 3922 codd.
1317 3855 1408 3921 UMP
1423 3852 1540 3919 invasit

372 3984 413 4028 en
436 3964 491 4029 illo
514 3963 595 4029 libro
623 3964 840 4049 phylologicO,
872 3984 912 4029 ex
943 3985 1006 4047 quo
1037 3964 1245 4030 Dioscorides
1275 3984 1366 4030 suam
1396 3960 1534 4044 descrip-

371 4074 490 4138 tionem
514 4073 630 4139 bausit.
676 4072 800 4137 Eodem
828 4093 905 4137 vcro
936 4092 1042 4138 errore
1072 4080 1104 4138 et
1134 4073 1166 4137 in
1195 4072 1290 4137 Plinii
1324 4071 1423 4137 verba
1452 4067 1539 4154 ,lolia

372 4180 554 4246 subalbida
578 4187 611 4246 et
633 4182 665 4245 in
681 4179 771 4244 UMP
795 4182 916 4269 ςλευκὸν
932 4179 1063 4260 φύλλον
1086 4180 1213 4263 invasit,
1231 4177 1441 4244 Dioscorides
1456 4176 1540 4240 cuim

372 4309 467 4353 unam
482 4289 617 4353 formam
633 4287 790 4370 foliorum,
808 4306 872 4352 non
888 4288 1027 4352 colorem
1043 4306 1115 4352 curn
1132 4287 1310 4352 habrotono
1327 4283 1540 4370 comparavit.

372 4429 584 4436 —-.——.——·

457 4487 459 4493 ’
477 4471 499 4536 1)
520 4469 595 4523 hacc
614 4469 702 4522 lectio
722 4472 768 4522 est
787 4469 817 4520 in
832 4466 915 4520 UMP
929 4483 947 4520 a
961 4465 1143 4522 Schneidero
1162 4469 1194 4520 in
1213 4471 1300 4520 textu
1319 4467 1427 4536 posita,
1447 4480 1540 4534 quern

371 4557 553 4611 Wimmerus
573 4558 718 4626 sequitur.
