3409 5342
1711 479 2100 544 „8-

740 673 834 740 sic
905 673 1208 739 exhibent
1276 673 1465 738 Plinii
1531 673 1722 742 codd.
1794 675 2028 742 VGRE
2096 676 2204 762 (cf.
2275 676 2605 760 Mayhoffii
2678 674 3072 762 editionem).

740 781 1145 865 Quamquam
1216 781 1597 868 „ascaliari“
1669 789 2038 868 corruptum
2106 802 2248 849 esse
2308 782 2581 868 videtur,
2663 782 2784 848 hoc
2856 789 3070 848 tamen

741 893 1015 974 apparet
1063 887 1415 953 secundum
1447 888 1851 955 Athenaeum
1882 890 1947 954 in
1995 891 2459 956 ascalarum
2499 891 2876 956 mutandum
2910 911 3072 976 esse,

740 1016 866 1062 non
914 1015 1058 1059 cum
1105 995 1396 1060 omnibus
1443 994 1796 1062 editoribus
1841 996 1907 1060 in
1956 997 2263 1062 ascaliam
2327 997 2431 1062 vel
2497 996 2784 1081 scaliam‚
2851 1004 3077 1062 contra
3180 1070 3186 1075 ,

743 1103 923 1170 cuius
987 1104 1372 1190 scripturam
1419 1103 1791 1169 Athenaeus
1853 1111 1916 1169 et
1963 1105 2208 1170 Plinius
2270 1105 2697 1170 consentiunt.
2791 1103 3076 1169 Similem

745 1210 1245 1297 discrepantiam
1291 1217 1561 1294 uterque
1608 1210 1872 1277 exhibet
1931 1211 1997 1276 in
2060 1211 2495 1297 descriptione
2554 1210 2685 1277 vini
2746 1210 3079 1277 cuiusdam

744 1318 1050 1386 Achaici:

743 1515 1196 1587 Theophr.h.p1.
1216 1514 1485 1584 1x‚1s‚11
1669 1514 1808 1574 Ath.
1847 1517 1894 1585 1,
1931 1517 2090 1588 p.,31
2114 1519 2154 1573 f.
2374 1518 2524 1574 Pnn.
2563 1519 2617 1573 h.
2657 1535 2712 1572 n.
2749 1517 2904 1586 xw,
2942 1516 3045 1571 116

744 1624 909 1678 πάλιν
991 1622 1101 1677 δ’ἐν
1152 1621 1330 1691 Ἀχαΐᾳ
1398 1621 1489 1676 καὶ
1542 1622 1669 1688 περὶ
1733 1625 1796 1677 δὲ
1859 1624 2125 1690 Κερυνίαν
2184 1628 2287 1691 τῆς
2342 1630 2406 1679 at
2442 1627 2504 1678 in
2542 1623 2772 1679 Achaia
2823 1625 3084 1680 maxime

749 1713 984 1778 μάλιστα
1038 1711 1165 1778 περὶ
1223 1711 1489 1778 Κερυνίαν
1541 1712 1749 1779 Ἀχαίας
1778 1713 2030 1778 ἀμπέλου
2049 1731 2102 1767 τι
2126 1715 2288 1779 γένος
2343 1716 2504 1769 circa
2551 1713 2869 1784 Ceryniam
2915 1714 3084 1782 abigi

748 1803 1002 1867 ἀμπέλου
1046 1818 1099 1854 τι
1134 1802 1299 1866 γένος
1337 1801 1489 1854 ἐστὶν
1547 1802 1685 1856 εἶναι
1748 1801 1916 1869 ἀφ’ἦς
1968 1804 2075 1856 τὸν
2133 1803 2289 1857 οἶνον
2344 1809 2585 1875 partum
2640 1805 2800 1869 vin0,
2862 1806 3086 1870 atque

750 1890 919 1959 ἀφ’ἦς
945 1892 977 1944 ὁ
1006 1891 1158 1954 οἶνος
1184 1891 1491 1955 ἐξαμβλοῦν
1548 1892 1857 1957 ἐξαμβλοῦν
1937 1895 2119 1946 ποιεῖν
2191 1892 2291 1957 τὰς
2346 1895 2562 1948 etiam
2689 1893 2746 1946 si
2871 1906 3084 1944 uvam

748 1981 899 2032 ποιεῖ
917 1980 1017 2044 τὰς
1037 1980 1345 2044 ἐγκύμονας
1370 1983 1492 2033 κᾶν
1547 1983 1814 2046 γυναῖκας
1839 1982 1939 2045 τοὶς
1966 1982 2289 2047 ἐγκύμονας.
2347 1981 2565 2036 edant
2698 1980 2960 2050 gravid
2977 1994 3086 2043 ae,

751 2068 816 2121 αἱ
842 2069 1037 2132 κύνες
1064 2069 1332 2135 φάγωσι
1355 2074 1493 2122 τῶν
1547 2074 1679 2125 κᾶν
1739 2075 1883 2123 τῶν
1948 2073 2172 2138 βοτρύ
2194 2089 2240 2125 ω
2260 2089 2292 2124 ν
2347 2086 2483 2125 cum
2575 2069 2913 2123 differentia
3023 2065 3088 2122 in

755 2159 1069 2223 βοτρύων
1125 2159 1493 2224 ἐξαμβλοῦ-
1551 2161 1657 2222 δὲ,
1722 2159 1917 2226 φησί,
1979 2161 2293 2228 φάγωσιν
2347 2163 2604 2232 gustatu
2641 2175 2763 2214 non
2803 2159 2893 2213 sit,

752 2261 855 2301 σιν
892 2246 1001 2301 καὶ
1038 2248 1251 2301 αὗται.
1552 2250 2018 2315 ἐξαμβλοῦσιν.

971 2443 1135 2508 Tres
1182 2451 1481 2509 auctores
1527 2444 1621 2509 ita
1668 2444 2042 2529 discrepare
2088 2443 2406 2529 videntur,
2469 2449 2538 2507 ut
2593 2442 2964 2507 Athenaeus
3025 2447 3088 2505 et

757 2552 1002 2617 Plinius
1048 2552 1191 2627 uvis
1238 2552 1510 2618 eandem
1557 2553 1685 2618 vim
1725 2553 2061 2617 tribuerint
2093 2559 2288 2636 atque
2320 2553 2467 2617 vino
2499 2571 2706 2635 neque
2738 2549 3087 2633 quidquam

758 2656 881 2722 nisi
927 2657 1009 2722 de
1053 2657 1305 2724 feminis
1351 2659 1640 2742 gravidis
1685 2660 2052 2743 loquantur,
2103 2658 2588 2743 Theophrastus
2635 2665 2852 2723 noster
2896 2657 3088 2721 talem

665 2747 673 2756 ⁸
759 2784 1028 2830 uvarum
1076 2766 1203 2831 vim
1260 2772 1324 2832 et
1379 2766 1464 2832 ad
1531 2787 1726 2833 canes
1782 2767 2160 2833 transferat:
2239 2767 2355 2831 κᾶν
2416 2767 2480 2830 αἱ
2544 2765 2725 2844 κύνες
2791 2766 3089 2846 φάγωσιν

757 2876 887 2936 τῶν
958 2871 1242 2951 βοτρύων
1314 2874 1731 2952 ἐξαμβλοῦσιν
1805 2875 1905 2937 καὶ
1977 2873 2176 2937 αὗται.
2291 2875 2519 2956 Neque
2586 2873 2883 2937 mendum
2943 2871 3091 2935 huic

766 2978 1119 3064 scripturae
1164 2978 1378 3045 inesse
1423 2980 1676 3045 videtur
1709 2986 1780 3044 ut
1812 3001 1929 3065 pro
1967 2980 2217 3044 ΚΥΝΕ(
2248 2979 2424 3045 haud
2459 2979 2703 3044 difficili
2741 2981 3090 3045 mutatione

766 3088 1011 3152 scribas
1099 3087 1366 3151 κύουσαι
1436 3089 1539 3152 vel
1605 3089 1945 3167 ἐγκύμονες
2030 3089 2134 3154 vel
2203 3093 2524 3166 γυναῖκες,
2615 3108 2776 3170 quas
2876 3107 3094 3152 omnes

766 3196 1165 3261 {amiecturas
1232 3194 1349 3260 viri
1416 3194 1590 3260 docti
1658 3195 1875 3260 adhuc
1948 3195 2296 3280 periclitati
2360 3203 2505 3261 sunt
2561 3195 2670 3281 (cf.
2719 3191 3095 3259 Schneideri

766 3304 965 3388 adm),
1015 3301 1431 3381 ἐξαμβλοῦσιν
1464 3303 1565 3365 καὶ
1602 3301 1784 3365 αὗται
1833 3301 2154 3384 significat
2200 3323 2326 3366 non
2371 3301 2502 3366 iam
2551 3300 2632 3365 de
2679 3300 2932 3366 feminis
2963 3297 3092 3382 agi.

770 3407 1221 3493 lelisnrepantia
1267 3407 1357 3472 sic
1407 3406 1800 3491 explicanda
1846 3413 1963 3492 est,
2028 3416 2098 3473 ut
2146 3428 2322 3473 error
2384 3407 2477 3473 sic
2544 3414 2720 3472 ortus
2779 3406 2861 3472 sit
2922 3403 3094 3488 quod

770 3514 1098 3578 mame(
1173 3534 1291 3599 pro
1371 3513 1947 3596 ΕΓΚΥ<ΜΟ>ΝΕΕ
2009 3514 2369 3599 legebatur,
2442 3515 2624 3580 locus
2700 3513 2896 3597 igitur
2969 3530 3096 3575 non

770 3627 1103 3706 vui-<ruptus
1164 3626 1447 3695 tantum,
1508 3619 1625 3686 sed
1695 3619 1891 3685 etiam
1954 3621 2410 3706 interpolatus,
2486 3621 2658 3703 quod
2721 3640 2802 3684 ex
2872 3618 3097 3684 addita

770 3727 1084 3792 sententia
1131 3729 1549 3807 ἐξαμβλοῦσιν
1598 3730 1697 3791 καὶ
1732 3727 1980 3811 αύται’)
2015 3728 2321 3811 colligas:
2370 3748 2579 3811 neque
2612 3728 2854 3792 Plinius
2888 3744 3096 3808 neque

774 3836 1137 3900 Athenaeus
1184 3833 1267 3899 de
1314 3834 1580 3899 canibus
1625 3834 1826 3899 verba
1871 3835 2053 3901 fecit.

979 3940 1159 4005 Idem
1204 3940 1493 4028 iudicare
1540 3940 1733 4006 velim
1784 3939 1866 4005 de
1915 3941 2007 4007 eis
2055 3941 2487 4026 Theophrasti
2537 3941 2778 4024 eclogis
2831 3960 3099 4023 quarum

770 4060 830 4112 ιιι
878 4048 1249 4132 Athenaeus
1311 4055 1374 4114 et
1420 4048 1667 4113 Plinius
1728 4068 1980 4114 sensum
2044 4049 2337 4133 retineat,
2399 4048 2545 4133 ipsa
2609 4049 2808 4114 verba
2869 4048 3100 4112 eadem
3212 4108 3215 4111 .

774 4156 1015 4220 ratione
1061 4162 1283 4241 mutet,
1331 4155 1400 4221 id
1448 4155 1621 4239 quod
1688 4175 1846 4220 casu
1905 4156 2146 4221 factum
2199 4176 2339 4221 esse
2402 4156 2580 4219 credi
2641 4155 2877 4239 nequit.
2929 4174 2983 4220 e.
3033 4177 3099 4238 g.

770 4268 850 4328 dc.
898 4271 1104 4348 myrto
1152 4263 1245 4330 ita
1289 4264 1667 4346 loquuntur:

881 4440 915 4448 F

980 4536 1023 4600 1)
1064 4533 1169 4592 Ed.
1209 4532 1512 4595 Schwartz
1550 4536 1817 4611 benigne
1854 4534 1998 4587 mihi
2037 4535 2193 4589 hanc
2233 4535 2693 4606 explicationem
2732 4534 3068 4604 proposuit.
