3409 5342
658 514 880 578 ..43-

185 706 320 772 Praeter
334 705 551 790 scholiastam‚
576 706 631 789 qni
653 706 820 791 utriusque
843 706 1068 793 explicationis
1085 713 1246 772 auctorem
1263 706 1354 792 ponit

186 812 454 898 Theophrastum,
467 819 500 878 et
511 812 693 898 Hesychius
709 822 741 880 et
756 813 956 899 Porphyrius
968 812 1193 899 Theophrasto
1206 812 1255 878 usi
1270 819 1353 896 sunt,

185 940 258 985 cum
281 920 335 986 ille
359 920 473 985 eadem
497 927 594 1002 atque
611 920 855 1007 Theophrastus
870 927 902 986 et
918 919 1093 999 scholiasta
1108 920 1228 985 haheat
1244 919 1353 1003 verba,

185 1027 238 1093 hie
260 1028 359 1093 verbo
384 1028 547 1107 ἱστόρηται
563 1027 722 1110 significet
736 1032 848 1109 φυτῶν
863 1028 1016 1107 ἱστορίαν.
1040 1028 1091 1092 De
1105 1027 1233 1093 Aeliani
1248 1026 1354 1092 verbis

185 1134 324 1219 dubites,
348 1155 424 1199 num
447 1154 489 1200 ex
505 1134 730 1220 Theophrasto
753 1136 826 1221 ipso
850 1141 979 1220 sumpta
1002 1134 1075 1201 sint.
1110 1133 1258 1200 Occurrit
1273 1133 1355 1198 haec

185 1242 406 1327 ethymologia
427 1242 461 1306 in
483 1241 686 1327 Geopcnicis‚
710 1243 770 1321 XI,
789 1244 840 1325 13,
858 1244 893 1310 2:
918 1244 989 1307 δδέ
1004 1241 1237 1325 Δημόκριτός“)
1254 1257 1354 1321 φησιν

186 1350 232 1426 ὡς
255 1351 274 1414 δ
297 1351 419 1427 καρπὸς
442 1354 498 1429 τῆς
523 1350 607 1428 ἰτέας
629 1350 813 1429 λειούμενος
835 1352 886 1415 καὶ
909 1353 978 1428 ταῖς
1001 1353 1137 1429 τροφαῖς
1152 1353 1217 1413 τῶν
1232 1352 1355 1427 κτηνῶν

186 1456 391 1536 μειγνύμενος
414 1460 513 1521 ταῦτα
535 1459 676 1522 λιπαίνει·
701 1459 906 1536 έκπινόμενος
930 1461 966 1523 δὲ
989 1459 1143 1535 λειανθείς
1166 1458 1356 1535 ἀνθρώπους

187 1564 326 1640 ἀγόνους
348 1566 439 1639 ποιεῖ,
464 1566 496 1630 ἐξ
520 1563 558 1627 οὗ
582 1580 664 1644 φησι
688 1568 739 1628 καὶ
758 1565 902 1644 Ὅμηρος
926 1564 1000 1648 (ού.
1025 1586 1052 1628 κ.
1068 1565 1158 1647 510).

293 1674 423 1749 κλῆθροι
446 1669 595 1749 ταίγειροι
617 1673 669 1735 καὶ
692 1671 769 1735 ἰτέαι
791 1671 1013 1748 ιίιλὲσίκαρποι.

293 1777 368 1842 Fuit
387 1776 486 1860 igitur
507 1778 726 1862 ethymologia
749 1776 903 1843 adiectivi
925 1778 1153 1856 ὠλεσίκαρπος,
1177 1795 1261 1869 quae
1283 1776 1356 1840 Ale-

189 1883 350 1950 xandrina
371 1890 480 1950 aetate
499 1885 532 1949 in
550 1884 810 1969 Theophrastum
828 1886 920 1950 illata
938 1904 978 1950 ex
996 1891 1103 1951 nostro
1121 1890 1212 1949 textu
1228 1884 1356 1949 sublata

188 1997 247 2057 est.
288 1990 412 2056 Plinius
434 1990 519 2055 hanc
542 1991 728 2056 sollemnem
750 1991 1047 2083 interpretationem
1070 2011 1181 2057 versus
1203 1989 1356 2055 homerici

187 2097 347 2182 integram
361 2097 394 2162 in
408 2098 489 2163 libro
509 2118 566 2165 suc
584 2098 715 2183 invenit,
735 2099 874 2166 fortasse
892 2099 1086 2165 scholiastae
1103 2105 1212 2164 notam
1228 2103 1356 2162 secutus

188 2205 258 2290 ipsc
282 2225 414 2271 causam
434 2212 465 2270 et
484 2206 641 2289 originem
657 2205 753 2273 huius
769 2205 1042 2292 interpretationis
1065 2203 1209 2270 addidit:
1233 2210 1357 2288 ,secuta

103 2308 105 2315 ⁴
188 2319 280 2378 aetas
292 2313 412 2378 scelere
425 2332 482 2379 suo
495 2315 706 2399 interpretata
719 2320 767 2380 est
776 2314 862 2379 hanc
874 2313 1074 2397 sententiam,
1091 2311 1219 2395 quando
1232 2310 1357 2375 mulieri

188 2419 391 2485 sterilitatem
414 2440 524 2486 semen
547 2420 655 2486 salicis
679 2421 815 2488 afferat‘.
849 2421 920 2486 Hoc
943 2420 1040 2504 igitur
1064 2417 1299 2484 enucleaverim
1316 2437 1356 2481 ex

188 2526 250 2591 hoc
262 2528 426 2611 exemplo:
441 2527 662 2592 Alexandrina
674 2535 781 2593 aetate
793 2528 1010 2613 Theophrasti
1022 2528 1120 2593 libros
1132 2525 1358 2613 phytologicos

188 2654 209 2698 a
231 2634 451 2716 grammaticis
475 2633 582 2699 excuti
606 2641 738 2720 coeptos
761 2655 833 2701 esse
856 2642 930 2721 post
951 2635 1146 2719 Antigonum
1163 2631 1356 2718 Carystium.

187 2739 422 2825 Aristophanes
445 2740 622 2825 Byzantius
653 2741 825 2824 diligenter
856 2761 911 2807 eos
934 2741 999 2807 iam
1023 2742 1180 2806 evolvisse
1213 2737 1356 2805 videtur:

188 2866 216 2912 e.
240 2866 272 2929 g.
297 2846 340 2919 of.¹
363 2846 468 2931 suppl.
492 2845 622 2913 Aristot.
646 2848 662 2912 Ι
685 2847 736 2913 ού.
760 2846 920 2914 Lambros
943 2869 975 2933 p.
1001 2849 1043 2912 10
1066 2848 1111 2914 λθ
1134 2866 1220 2930 sqq.:
1254 2848 1358 2910 πάντα

188 2956 225 3018 δέ
247 2955 287 3018 τὰ
310 2956 565 3033 κατηριθμημένα
589 2959 655 3039 Ζῷα
679 2954 796 3034 ἄναιμα
820 2957 1016 3035 συμβέβηκεν
1040 2950 1190 3020 εἶναικαὶ
1211 2956 1359 3019 τελευτᾶν

188 3061 296 3125 ἐλαίου
319 3064 428 3139 αὐτοῖς
452 3061 708 3140 έπισταῑομένου,
733 3063 874 3140 καθάπερ
898 3064 949 3126 καλ
969 3064 1008 3127 τὰ
1024 3063 1140 3139 έντομα
1154 3061 1266 3136 πάντα,
1283 3060 1359 3125 ὅθεν

189 3166 221 3230 αἱ
245 3168 393 3244 μέλισσαι
416 3169 492 3246 τοὺς
514 3174 559 3253 τῷ
583 3170 672 3252 μύρῳ
695 3170 879 3248 χρωμένους
912 3170 963 3254 καί
998 3169 1152 3247 είςιόντας
1183 3168 1358 3232 τύπτουσαι

190 3273 446 3338 ἀποδιωθοῡνται
469 3275 515 3352 ως
538 3276 690 3353 πολεμίου
719 3279 777 3340 τού
808 3276 919 3353 λίπους
949 3274 1052 3353 ὄντος.
1088 3275 1139 3340 διὸ
1169 3277 1207 3353 δὴ
1239 3272 1359 3350 ἀλιπεῖς

188 3386 358 3459 πειρῶνται
381 3383 552 3459 προςάγειν
575 3382 694 3461 αύταῖς,
730 3384 764 3448 ἐν
792 3383 939 3466 Αἰγύπτῳ
964 3384 1073 3446 δὲκαὶ
1097 3382 1279 3460 ἐξυρημένοι
1302 3381 1359 3459 τὰς

188 3488 340 3568 κεφαλὰς,
361 3487 416 3552 ἵνα
439 3490 574 3567 μηδεμία
599 3490 728 3569 ίκμασία
758 3491 870 3568 λίπους
899 3491 1055 3569 λείπηται;
1087 3508 1170 3571 quae
1200 3487 1359 3555 sententia

133 3583 137 3590 ’
189 3595 361 3680 desumpta
384 3602 433 3660 est
456 3615 497 3660 ex
521 3596 704 3662 Aristotelis
728 3596 801 3664 hist.
831 3596 1017 3661 animalium
1041 3596 1067 3659 θ
1091 3597 1133 3661 27
1151 3617 1183 3680 p.
1208 3595 1293 3659 eceb
1318 3594 1358 3658 19

189 3709 287 3767 aucta
310 3722 386 3768 vero
411 3702 537 3769 dnobus
561 3704 807 3790 additamentis,
841 3724 976 3787 quorum
1008 3703 1144 3768 alterum
1168 3703 1304 3766 occurrit
1327 3702 1359 3764 in

189 3812 404 3897 Theophrasti
435 3833 462 3879 c.
487 3813 530 3897 pl.
555 3814 611 3898 VI,
637 3815 667 3899 ὃ,
693 3817 709 3879 1
738 3866 745 3882 .
771 3863 778 3879 .
804 3865 811 3880 .
838 3863 844 3878 .
877 3812 1012 3878 ἀλλ’ύπδ
1035 3816 1100 3876 τῶν
1123 3811 1264 3889 ἡδίστων
1287 3810 1360 3887 ἡμῖν

190 3920 390 3998 ἀναιρεῖσθαι
413 3921 555 3999 καθάπερ
579 3921 610 3985 οἱ
632 3922 730 4000 γύπες
760 3921 822 3986 ὑπὸ
851 3925 917 3985 τῶν
947 3920 1056 3999 μύρων
1079 3918 1129 3982 καὶ
1153 3917 1183 3981 οἱ
1207 3917 1359 3993 κάνθαροι
1470 3984 1472 3992 ,

188 4029 251 4092 ὑπὸ
274 4031 339 4091 τῶν
363 4027 478 4105 ῥόδων.
501 4032 677 4106 πολεμοῦσι
701 4031 738 4093 δὲ
760 4031 799 4107 δή
825 4028 959 4108 σφόδρα
981 4028 1032 4090 καὶ
1056 4024 1088 4088 αἱ
1112 4025 1261 4102 μέλισσαι
1284 4024 1360 4098 τούς
1485 4092 1488 4098 ,

190 4135 451 4213 μεμυρισμένους.
467 4134 612 4200 Alteram
629 4136 820 4200 sententiam
833 4134 874 4199 de
883 4134 1034 4219 Aegypto
1047 4152 1088 4197 ex
1101 4151 1160 4197 sua
1171 4129 1273 4215 ipsius
1285 4148 1359 4211 cog·

189 4240 309 4306 nitione
324 4240 452 4305 addidit
469 4240 712 4327 Aristophanes.
747 4240 874 4306 Eadem
886 4248 979 4327 parte
996 4239 1156 4325 epitomae
1171 4243 1204 4303 et
1222 4235 1360 4322 amplius

297 4491 319 4561 ¹)
340 4492 452 4546 dehoc
471 4492 642 4551 Democrito
663 4495 700 4550 cf.
720 4491 772 4548 Ed.
793 4490 945 4549 Schwartz
972 4494 1002 4549 in
1028 4451 1196 4565 appendice¹
1220 4490 1360 4545 editionis

194 4581 316 4640 Tatiani
334 4599 362 4658 p.¹
382 4580 424 4640 56.
