3409 5342
1740 487 2139 552 -6-

979 680 1254 745 Plinium
1302 683 1586 766 apparet
1622 681 1779 746 nihil
1827 682 1949 748 nisi
1995 688 2243 766 partem
2294 680 2744 764 descriptionis
2777 679 3100 764 exhibere,

770 805 962 868 quam
1028 787 1343 870 integram
1408 788 1780 855 Athenaeus
1850 789 2057 855 affert.
2167 787 2412 872 Renjes
2458 788 2501 851 l.
2560 789 2626 871 l.,
2699 787 2806 869 qui
2876 786 3103 851 librum

768 894 926 961 XVI
971 894 1035 961 h.
1082 916 1144 962 11.
1194 915 1337 960 611111
1386 895 1821 982 Theophrasti
1880 896 2060 963 libris
2122 896 2464 978 diligenter
2535 895 2951 979 comparavit,
3019 893 3105 958 ad

770 1000 959 1064 Plinii
1007 1002 1207 1067 verba
1253 1001 1522 1068 adnotat
1568 1003 1634 1066 in
1682 1003 2134 1087 Theophrasto
2183 1023 2308 1068 non
2356 1009 2632 1086 exstare,
2681 1002 2913 1066 falsum
2949 1020 3102 1066 sane

770 1106 1089 1190 siquidem
1166 1108 1614 1196 Theophrasto
1689 1109 2047 1194 tribuimus,
2132 1129 2298 1191 quae
2390 1108 2763 1174 Athenaeus
2853 1107 3104 1172 nomine

771 1214 1204 1300 Theophrasti
1250 1214 1597 1300 inscripsit,
1662 1217 1789 1282 etsi
1847 1217 1911 1282 in
1979 1223 2195 1282 nostro
2243 1214 2685 1300 Theophrasto
2746 1235 2871 1279 non
2937 1220 3102 1280 sunt.

768 1320 1071 1386 Fortasse
1131 1320 1236 1386 hic
1297 1327 1362 1386 et
1429 1321 1623 1386 aliam
1670 1322 1987 1387 Athenaei
2048 1323 2145 1386 IX
2203 1344 2266 1407 p.
2325 1323 2474 1403 371,
2525 1341 2560 1385 c
2617 1321 3098 1386 adnotationem

772 1427 1002 1492 afferre
1046 1427 1230 1494 licet:
1303 1430 1674 1508 μνημονεύει
1723 1433 1836 1492 τοῦ
1883 1431 2277 1514 σταφυλίνου
2337 1431 2434 1492 καὶ
2496 1429 2952 1509 Θεόφραστος;
3022 1447 3103 1491 116

771 1534 937 1610 hanc
1003 1534 1262 1617 quidem
1326 1536 1615 1621 plantam
1685 1536 2173 1621 Theophrastus
2241 1542 2457 1601 noster
2503 1535 2759 1600 novisse
2827 1535 3101 1600 videtur.

772 1640 1081 1726 putabam
1167 1642 1317 1707 olim
1387 1663 1531 1707 cum
1615 1642 1715 1708 his
1785 1644 2103 1708 Athenaei
2167 1642 2381 1708 verbis
2447 1642 2899 1706 conferendam
2965 1662 3104 1706 esse

773 1748 1155 1814 sententiam
1216 1749 1405 1814 Plinii
1473 1750 1533 1817 h.
1596 1772 1657 1816 n.
1721 1751 1870 1834 XX,
1934 1751 2040 1831 30,
2103 1771 2230 1832 qua
2299 1749 2379 1814 de
2453 1749 2843 1834 staphyllino
2916 1749 3103 1817 dicit:

778 1854 1102 1944 „radicem
1150 1855 1286 1922 eius
1334 1856 1497 1941 (scil.
1546 1856 1950 1942 staphyllini)
1998 1857 2322 1922 Dieuches
2371 1864 2593 1921 contra
2639 1855 3019 1921 iocineris..
3049 1907 3063 1922 .
3089 1907 3104 1921 .

775 1961 915 2026 dari
938 1961 1134 2047 iubet,
1162 1962 1597 2048 Cleophantus
1623 1970 1686 2028 et
1714 1963 2122 2048 dysintericis
2147 1964 2530 2029 veteribuS.“
2590 1962 3098 2050 „Cleophantus“

775 2069 1114 2135 exhibetur
1160 2069 1243 2133 ab
1292 2090 1417 2134 uno
1467 2070 1692 2134 codice
1740 2071 1815 2155 E,
1870 2069 2435 2157 „Theophrastus“
2490 2077 2703 2134 autem
2759 2091 2798 2134 a
2843 2068 3108 2151 reliquis

776 2176 900 2242 dT.
994 2182 1258 2261 propter
1346 2176 1749 2241 Athenaeum
1854 2179 2059 2263 primo
2172 2176 2440 2242 forsitan
2549 2177 2774 2241 obtutu
2883 2176 3109 2240 melius

780 2284 1345 2373 „Theophrastus“
1382 2284 1515 2368 legi
1545 2284 1821 2370 videtur,
1870 2289 2086 2350 tamen
2132 2285 2323 2350 lectio
2375 2284 2617 2349 codicis
2659 2284 2713 2348 E
2746 2282 3110 2348 defenditur

774 2391 989 2456 indice
1036 2397 1369 2456 auctorum
1420 2391 1506 2457 ad
1552 2392 1783 2457 librum
1822 2392 1971 2476 XX,
2022 2412 2147 2474 quo
2197 2391 2423 2457 eadem
2473 2392 2670 2456 series
2715 2389 3107 2456 medicorum

777 2503 841 2562 et
888 2496 1323 2581 Cleophantus
1370 2498 1710 2566 invenitur.

987 2605 1090 2670 Ex
1157 2604 1390 2676 harum*
1461 2606 1806 2671 lectionum
1878 2607 2356 2673 enumeratione
2419 2607 2685 2671 forsitan
2753 2605 2881 2670 iam
2949 2603 3109 2668 illud

776 2718 1072 2778 occurrat
1102 2711 1504 2776 Athenaeum
1550 2713 1729 2805 aliud
1762 2721 1957 2796 atque
1988 2721 2274 2780 nostrum
2309 2711 2741 2798 Theophrasti
2780 2712 3110 2795 exemplar

778 2928 884 2997 qui
938 2928 1224 2982 dicuntur
1278 2930 1672 2998 praecocibus
1730 2931 2030 2984 fructibus
2089 2929 2187 2991 (cf.
2243 2929 2540 3000 Theophr.
2579 2945 2626 2983 c.
2668 2929 2744 3000 pl.
2783 2927 2852 2998 V,
2895 2929 2944 2996 1,
2980 2928 3014 2980 8
3054 2925 3110 2991 (6

778 3016 951 3082 extr.)
973 3016 1012 3085 )‚
1069 3032 1220 3086 quas
1276 3014 1630 3072 Athenaeus
1686 3019 1750 3072 in
1807 3019 2016 3073 eodem
2071 3033 2237 3072 nexu
2275 3036 2330 3089 p.
2369 3018 2438 3071 77
2476 3034 2508 3072 c
2550 3047 2612 3057 -
2652 3020 2682 3071 f
2714 3018 2911 3071 habet.
2987 3014 3108 3070 Suo

778 3108 910 3161 iure
945 3106 1136 3176 igitur
1171 3107 1265 3159 vir
1305 3106 1680 3161 doctissimus
1719 3106 2034 3162 Kaibelius
2073 3108 2150 3161 ad
2189 3105 2488 3161 Athenaei
2523 3108 2712 3161 verba
2765 3106 3108 3160 adnotavit:

779 3212 917 3264 ,non
956 3196 1139 3249 habet
1176 3196 1326 3249 haec
1363 3194 1837 3266 Theophrastus,
1877 3196 1982 3250 sed
2021 3197 2235 3250 habuit
2273 3197 2374 3251 ille
2413 3197 2588 3250 cuius
2627 3196 2814 3266 copiis
2854 3210 2886 3249 e
2923 3193 3111 3248 Theo-

779 3287 1023 3356 phrasto
1062 3286 1323 3338 maxime
1354 3286 1690 3356 compilatis
1719 3283 2071 3339 Athenaeus
2099 3289 2160 3339 et
2185 3284 2418 3339 Plinius
2444 3287 2541 3338 usi
2567 3283 2744 3352 sunt‘,
2769 3285 3112 3353 iterumque

780 3375 1160 3429 substantivo
1218 3372 1518 3429 Athenaei
1557 3374 1633 3444 (p.
1674 3374 1743 3427 77
1781 3374 1836 3443 e)
1895 3375 2223 3440 φιλόσοφος
2275 3391 2399 3428 11011
2454 3374 2950 3444 Theophrastum,
3007 3372 3111 3426 sed

779 3461 1077 3516 Athenaei
1117 3466 1177 3516 et
1214 3461 1393 3516 Plinii
1431 3478 1808 3517 communem
1847 3466 2157 3517 auctorem
2205 3463 2530 3532 designari.
2604 3462 2679 3517 Ni
2706 3462 2884 3516 fallor
2922 3461 3113 3532 suspi-

780 3555 954 3606 catur
1010 3566 1387 3606 communem
1445 3552 1606 3605 hunc
1664 3555 1976 3606 auctorem
2028 3566 2161 3606 esse
2199 3549 2581 3621 Tryphonem
2635 3550 3111 3606 Alexandrinum

779 3642 1260 3712 grammaticum.
1334 3640 1610 3694 Kaibelio
1669 3640 1823 3694 duce
1878 3641 2006 3711 ipse
2064 3642 2367 3711 quondam
2426 3642 2697 3695 similiter
2753 3640 2823 3706 de
2879 3641 2991 3694 hac
3047 3654 3114 3693 re

780 3730 1061 3784 iudicavi.
1161 3728 1385 3792 Quodsi
1451 3730 1775 3800 quisquam
1837 3729 2221 3800 Tryphonem
2284 3744 2419 3783 esse
2492 3730 2662 3784 illum
2737 3744 3113 3784 communem

781 3823 1107 3883 auctorem,
1170 3820 1525 3888 praesertim
1582 3835 1719 3872 cum
1776 3819 1958 3872 huius
2013 3834 2232 3873 nomen
2290 3820 2473 3873 etiam
2527 3820 2690 3889 apud
2730 3817 3114 3873 Athenaeum

780 3909 816 3961 l.
856 3908 891 3963 l.
933 3912 1149 3972 exstet,
1187 3909 1292 3977 qui
1329 3909 1457 3978 ipse
1496 3909 1735 3979 scripsit
1775 3924 1925 3978 opus
1967 3909 2176 3974 φυτικά
2212 3909 2310 3962 vel
2349 3913 2553 3975 φυτῶν
2602 3908 2821 3974 ἱστορία
2873 3908 3114 3978 inscrip-

782 4002 909 4051 tum
951 3997 1187 4067 (fragm.
1229 3998 1359 4052 coll.
1398 3997 1738 4065 Velsenus)‚
1778 3999 2037 4068 probare
2073 3999 2238 4067 velit,
2278 4014 2430 4068 opus
2476 4002 2568 4052 est
2619 4000 2679 4052 in
2719 3998 2898 4052 Plinii
2948 3998 3116 4052 libris

780 4087 1047 4156 vestigia
1085 4087 1265 4140 huius
1304 4086 1684 4158 Thryphonis
1725 4089 1920 4157 operis
1975 4091 2343 4142 monstrare:
2401 4089 2504 4142 sed
2561 4102 2638 4141 ne
2694 4104 2814 4142 uno
2873 4086 3117 4156 quidem

781 4178 911 4231 loco
940 4174 1173 4230 Plinius
1212 4177 1399 4230 ullam
1425 4176 1807 4248 Thryphonis
1834 4178 2226 4248 phytologiae
2253 4179 2615 4232 sententiam
2641 4179 2900 4246 exhibet,
2935 4178 3116 4231 immo

781 4280 861 4319 ne
894 4264 972 4318 de
1010 4279 1237 4334 genere
1275 4266 1519 4334 quidem
1545 4266 1926 4337 Thryphonis
1960 4267 2101 4326 libri
2137 4267 2405 4321 iudicare
2445 4268 2601 4334 licet,
2640 4271 2844 4321 utrum
2879 4281 2943 4320 re
2968 4282 3119 4320 vera

782 4354 1209 4424 phytologicus
1247 4356 1433 4409 fuerit
1472 4371 1549 4408 an
1587 4356 1788 4425 potius
1827 4357 2281 4426 grammaticuS,
2330 4372 2448 4424 quo
2487 4356 2834 4426 plantarum
2871 4356 3122 4410 nomina

782 4444 1270 4514 lexicographiee
1307 4448 1377 4497 ut
1413 4445 1499 4497 ita
1539 4444 1733 4498 dicam
1774 4449 2206 4499 enumerentur
2250 4449 2311 4499 et
2348 4449 2798 4515 exponerentur
2843 4445 2951 4512 (sic
2986 4445 3123 4516 ipse

782 4532 1081 4596 Velsenus
1122 4533 1195 4594 de
1232 4532 1612 4615 Thryphonis
1651 4535 1802 4599 libro
1841 4535 2230 4610 phytologico
2271 4534 2540 4601 iudicat).
