3409 5342
568 470 895 534 v-23—

198 673 234 751 τῇ
259 687 292 730 τε
316 666 383 749 ῥίζῃ
409 667 459 730 καὶ
480 671 525 748 τῷ
542 672 652 749 καρπῷ
669 666 833 744 χρήσιμος,
858 662 944 742 εἴπερ
961 663 990 727 οἱ
1007 662 1207 746 ἐνἈνπκύρᾳ
1227 661 1369 740 καθάπερ

199 774 281 854 φασὶ
305 780 349 857 τῷ
374 779 485 855 καρπῷ
509 773 706 852 καθαίρουσι·
731 773 791 851 ἔχει
817 774 853 835 δὲ
878 771 1060 849 σησαμώοη
1085 774 1207 835 τοῦτον.
1254 770 1369 852 Itaque

195 879 387 946 sententiam
410 885 489 964 puto
512 885 627 964 postea
650 877 796 944 additam
820 897 892 943 esse
916 877 948 941 in
972 876 1158 942 recensione
1173 877 1367 958 reliquorum

197 987 363 1071 codicum;
386 986 415 1052 si
446 986 522 1051 inde
554 986 595 1051 ab
628 986 718 1051 initio
751 986 784 1050 in
815 984 1032 1070 Theophrasti
1064 984 1171 1051 verbis
1203 983 1369 1069 fuisset,c

197 1095 429 1161 consuetudine
452 1101 484 1159 et
507 1114 566 1160 usu
590 1113 648 1160 suo
672 1093 716 1159 ad
739 1092 930 1158 firmandam
960 1092 1145 1176 generalem
1175 1091 1368 1158 sententiam

197 1201 377 1267 addidisset
401 1202 511 1280 ὥσπερ
535 1200 653 1280 εἴρηται
678 1200 729 1266 vel
753 1200 864 1278 ὥσπερ
888 1198 1024 1276 εἴπομεν.
1070 1198 1136 1264 Sed
1166 1198 1239 1285 ipsa
1263 1197 1367 1264 Theo·

196 1308 351 1393 phrastea
374 1308 474 1373 verba
497 1307 704 1374 scholiastam
728 1306 889 1373 indicant:
914 1308 1060 1387 φαίνεται
1086 1308 1122 1370 δὲ
1145 1312 1184 1370 οὐ
1207 1306 1276 1370 καθ’
1290 1307 1367 1371 ὅλου

196 1420 291 1480 τοῦτο
316 1417 439 1495 ἀληθές
464 1416 529 1479 ἐπεὶ
547 1417 597 1478 καὶ
614 1415 644 1478 οἱ
663 1416 697 1478 ἐν
712 1414 871 1497 Ἀντικύρᾳ
886 1418 943 1477 τοῦ
960 1417 1180 1494 σησαμώδους
1197 1414 1367 1493 ἐλλεβόρου

196 1521 345 1587 διδόασιν
369 1523 428 1609 [ὅτι
452 1523 471 1586 ὁ
494 1524 614 1601 καρθός
637 1521 749 1600 ὅμοιος
773 1522 935 1608 σησάμιρλ.
961 1520 1048 1586 Fieri
1070 1542 1133 1587 non
1149 1527 1265 1606 potest,
1290 1521 1366 1603 quin

195 1636 265 1695 tota
288 1629 370 1694 haec
402 1629 563 1694 sententia
595 1636 709 1713 postea
741 1626 856 1692 addita
889 1627 929 1692 sit
962 1627 1004 1692 ab
1027 1626 1212 1712 interprete,
1246 1626 1301 1710 qui
1324 1626 1366 1692 de

193 1736 362 1819 sententia,
381 1755 463 1818 quae
483 1735 713 1820 praecedebat,
740 1733 914 1800 dubitaret.
946 1733 997 1797 Ex
1012 1733 1093 1818 ipsis
1109 1732 1368 1818 Theophrasteis-

193 1843 301 1910 verbis
318 1842 579 1928 Theophrastum
595 1841 735 1907 refutare
752 1841 876 1906 studet:
902 1841 1022 1925 duplex
1037 1840 1192 1906 habemus
1204 1840 1366 1924 glossema

193 1953 340 2030 φαίνεται
365 1952 401 2014 δέ
428 1949 466 2013 οὐ
490 1949 638 2014 καθ’ὅλου
668 1952 763 2012 τοῦτο
795 1948 926 2031 ἀληθές,
957 1946 1000 2012 ad
1031 1949 1250 2027 σησαμώδους
1282 1947 1365 2012 alter

191 2063 259 2120 tum
284 2056 411 2121 addidit
435 2055 482 2119 ὅτι
505 2057 524 2120 ο
549 2057 669 2134 καρπὸς
693 2054 806 2134 ὅμοιος
822 2055 972 2138 σησάμῳ.
1011 2054 1106 2119 Nunc
1122 2053 1252 2137 quidem
1268 2053 1364 2120 facile

190 2163 370 2246 intelleges,
395 2181 451 2226 cur
476 2182 517 2226 ex
533 2163 719 2226 recensione
736 2161 860 2226 codicis
877 2160 925 2225 U*
943 2161 1047 2225 eiecta
1064 2159 1105 2225 sit
1120 2166 1190 2226 tota
1205 2160 1364 2226 sententia

190 2275 223 2333 et
247 2269 347 2335 verba
371 2288 454 2351 quae
477 2267 695 2353 praecedunt:
730 2267 763 2330 in
793 2269 939 2350 margine
971 2265 1142 2351 archetypi
1172 2266 1363 2332 adnotatum

190 2383 277 2442 erat:
302 2377 448 2455 φαίνεται
474 2377 510 2439 δέ
533 2375 571 2439 οὺ
596 2375 664 2439 καθ’
693 2373 770 2439 ὅλου
794 2374 919 2452 ἀληθές.

296 2481 398 2545 Aliter
430 2500 498 2544 rem
530 2479 779 2545 diiudicabimus
810 2479 844 2543 in
877 2478 985 2563 capite
1011 2480 1062 2546 15.
1108 2479 1146 2544 In
1169 2478 1218 2543 U'l
1242 2499 1362 2563 magna

190 2588 351 2670 quaedam
384 2607 461 2672 pars
494 2587 596 2652 deest.
642 2585 784 2652 Primum
817 2593 849 2651 et
877 2585 1016 2650 Plinium
1048 2585 1132 2650 hanc
1166 2605 1362 2669 quamquam

187 2696 343 2761 minutam
360 2695 514 2760 exhibere
530 2694 651 2760 adnota
673 2692 703 2760 h.
720 2716 751 2760 n.
768 2694 874 2778 XXV,
894 2695 931 2759 11
958 2693 1055 2778 ,unde
1078 2694 1216 2759 arbitror
1239 2699 1360 2779 natum,
1444 2750 1447 2756 .

189 2808 225 2867 ut
247 2802 429 2886 Aeschylus
454 2821 471 2866 e
495 2801 721 2868 vetustissimis
744 2801 777 2865 in
800 2800 930 2885 poetica
958 2799 1109 2866 refertam
1133 2801 1261 2866 Italiam
1289 2800 1360 2866 her-

188 2909 301 2974 barum
324 2908 471 2994 potentia
494 2908 657 2993 proderet‘
683 2914 731 2973 est
754 2928 867 2973 versus
890 2907 1099 2992 Aeschylens,
1124 2906 1230 2989 quiin
1254 2907 1359 2973 Theo-

186 3017 443 3102 phrastiverbis
467 3016 626 3082 occurrit:
650 3017 814 3095 Τυρρηνὸν
841 3018 963 3092 γενεὰν,
990 3017 1236 3096 φαρμακοποιόν
1256 3017 1358 3095 ἔθνος.

186 3123 277 3188 Idem
303 3122 435 3188 exhibet
457 3121 603 3187 ultimam
634 3129 759 3207 partem
792 3121 980 3207 sententiae,
1015 3141 1098 3204 quae
1127 3121 1160 3185 in
1183 3109 1232 3186 U*
1257 3120 1359 3207 deest,

186 3231 218 3297 h.
251 3252 281 3297 n.
306 3231 411 3313 XXV,
446 3231 505 3295 83:
540 3229 786 3314 ,ischaemonem
822 3229 963 3294 Thracia
995 3229 1125 3314 invenit,
1157 3249 1221 3311 qua
1252 3228 1358 3295 ferunt

186 3338 375 3422 sanguinem
399 3337 469 3403 sisti
493 3358 556 3402 non
589 3344 704 3422 aperta
736 3337 831 3402 modo
865 3357 957 3420 vena,
991 3336 1050 3402 sed
1083 3336 1181 3402 etiam
1208 3336 1358 3421 praecisa

186 3444 301 3529 (serpit
323 3444 356 3508 in
389 3451 486 3527 terra,
519 3444 606 3508 milio
639 3443 761 3528 similis,
794 3443 879 3509 foliis
912 3443 1036 3529 asperis
1061 3450 1093 3508 et
1124 3443 1356 3531 lanuginosisl‘,

185 3549 295 3614 Media
329 3570 417 3635 pars,
454 3570 518 3632 qua
554 3550 594 3614 de
629 3549 811 3634 Aethiopia,
836 3549 982 3636 Scythia,
1017 3550 1112 3616 India
1140 3550 1265 3635 agitur,
1302 3551 1357 3634 qni

184 3659 413 3737 φαρμακώδεις
435 3659 526 3721 τόποι
551 3663 716 3740 vocantur,
741 3657 839 3721 etiam
862 3657 895 3721 in
911 3657 1014 3722 Plinio
1039 3656 1140 3732 deest,
1176 3657 1356 3725 Verisimile

184 3772 234 3831 est
250 3764 289 3828 in
313 3764 361 3830 U*
386 3764 548 3847 quondam
573 3763 656 3829 hanc
687 3764 922 3829 enarrationem
950 3765 1058 3847 fuisse,
1090 3764 1227 3849 primum
1258 3766 1355 3851 quod,

139 3950 142 3955 ¹
184 3873 212 3938 si
236 3875 546 3952 φαρμακωδέστατοι
570 3873 661 3935 τόποι
686 3871 966 3957 enumerabantur,
997 3892 1061 3937 non
1084 3871 1262 3937 omittenda
1286 3880 1356 3938 erat

183 3979 294 4064 India,
336 3999 419 4062 quae
451 3979 614 4064 plerisque
646 3979 736 4044 libris
769 3980 823 4061 qui
858 3980 1071 4064 praecedunt,
1111 3979 1355 4064 diligentissime

183 4093 409 4172 pertractatur.
464 4089 639 4152 Praeterea
678 4087 836 4152 sententia
875 4087 916 4152 de
953 4087 1064 4172 Italia,
1105 4088 1279 4171 Τυρρηνία,
1311 4088 1355 4153 ad

182 4193 307 4258 initium
340 4194 473 4279 capituli
507 4194 662 4278 pertinet:
697 4213 772 4258 num
804 4194 863 4259 tibi
895 4215 976 4280 opus
1007 4195 1134 4261 videtur
1166 4194 1353 4279 scriptorem

182 4321 280 4387 supra
305 4300 393 4366 dicta
415 4285 532 4367 iterum
556 4301 710 4385 colligere
734 4301 859 4369 verbis:
893 4308 958 4368 τῶν
990 4308 1046 4382 μὲν
1071 4305 1128 4368 οὖν
1152 4305 1212 4369 ἔξω
1245 4303 1353 4368 τόπων

183 4411 493 4489 φαρμακωδέσταιοι
522 4410 619 4483 οὑτοι,
644 4409 672 4473 si
695 4415 763 4473 tota
787 4409 887 4474 series
911 4409 1024 4474 harum
1054 4409 1221 4494 regionum
1249 4410 1353 4476 nullas

182 4516 264 4581 alias
302 4516 569 4600 complecteretur
610 4515 670 4584 nisi
705 4516 892 4605 Aegyptum
933 4522 965 4584 et
1000 4516 1229 4604 Tyrrheniam,
1269 4536 1353 4601 quae
