3409 5342
1708 491 2143 556 „40-

761 693 989 769 genter
1036 685 1290 752 excussi
1323 685 1469 770 sint,
1503 686 1667 751 inter
1698 686 2005 768 Antigoni
2037 693 2101 751 et
2134 687 2357 751 horum
2390 687 2772 772 scriptorum
2815 691 3102 750 aetatem

761 793 1042 858 studium
1089 792 1520 878 Theophrasti
1567 793 1873 858 librorum
1931 793 2013 857 de
2073 793 2312 878 plantis
2373 814 2414 858 a
2459 791 2896 876 grammaticis
2961 812 3102 858 sus-

761 907 1015 984 ceptum
1049 919 1191 965 esse
1232 899 1505 966 videtur.
1586 899 1805 966 Oritur
1836 907 2051 965 autem
2084 919 2251 965 nunc
2285 899 2457 964 haud
2491 920 2698 985 parva
2727 900 3097 965 difficultas,

763 1006 1171 1092 Apollonium
1236 1013 1489 1072 constat
1550 1007 1655 1092 (cf.
1719 1007 1792 1073 F.
1841 1007 2182 1091 Susemihl,
2245 1008 2432 1073 Alex.
2488 1007 2645 1073 Litt.
2703 1008 2754 1074 Ι.
2816 1029 2880 1092 p.
2937 1008 3098 1094 479)

763 1112 995 1177 librum
1042 1112 1499 1199 conscripsisse
1547 1111 1901 1197 posteriore
1948 1119 2164 1178 aetate
2211 1112 2670 1179 Alexandrina.
2740 1114 2842 1178 De
2885 1119 3100 1178 aetate

765 1225 979 1284 autem
1028 1219 1359 1304 scriptoris
1405 1219 1633 1286 mirab.
1682 1221 1956 1287 auscult.
2005 1227 2248 1286 certum
2296 1220 2510 1286 adhuc
2557 1241 2742 1285 nemo
2802 1220 3096 1305 protulit:

767 1346 960 1409 quam
1007 1332 1180 1391 certe
1227 1326 1607 1392 sententiam
1654 1326 2126 1392 Mullenhoffius
2172 1326 2236 1390 in
2282 1327 2445 1392 libro
2506 1326 2836 1411 ,deutsche
2895 1327 3097 1390 Alter-

765 1422 1156 1499 tumskunde
1205 1433 1267 1496 1¹
1332 1455 1397 1518 p.
1446 1434 1575 1499 426
1623 1438 1788 1516 sqq.‘
1849 1433 2185 1519 proposuit
2232 1440 2296 1498 et
2344 1433 2710 1500 Gflntherus
2756 1433 2821 1497 in
2869 1433 3097 1499 disser-

764 1540 1007 1606 tatione
1072 1539 1178 1624 ‚de
1245 1539 1491 1604 ratione
1553 1541 1717 1606 inter
1777 1540 2272 1626 Lycophronem
2335 1547 2401 1606 et
2460 1540 2797 1606 Timaeum
2859 1541 3097 1604 Tauro-

764 1647 1178 1713 menitanum‘
1248 1653 1506 1712 secutus
1570 1654 1687 1730 est,
1754 1668 1834 1713 ea
1899 1648 2090 1713 certis
2169 1653 2349 1712 caret
2425 1647 2852 1731 argumentis:
2931 1647 3098 1712 idem

660 1782 665 1792 ¹
764 1753 1039 1818 dixerim
1096 1752 1177 1817 de
1224 1753 1609 1819 Susemihlio
1672 1754 1742 1842 (l.
1790 1755 1832 1820 l.
1881 1776 1944 1838 p.
1977 1754 2158 1838 478).
2252 1753 2536 1820 Geffken
2586 1753 2833 1839 (philol.
2868 1753 3098 1818 Unters

629 1916 639 1926 .
747 1861 931 1925 -ΧΙΙΙ
978 1881 1044 1945 p.
1093 1860 1206 1950 86)
1252 1867 1426 1926 recte
1472 1867 1688 1925 monet
1735 1859 1906 1924 hunc
1952 1860 2185 1925 librum
2232 1860 2505 1946 primum
2552 1861 2616 1924 in
2649 1859 2891 1942 Isigoni
2921 1858 3099 1924 libris
3179 1878 3200 1894 ·

767 1967 973 2052 citari,
1032 1987 1148 2033 suo
1211 1966 1351 2032 iure
1417 1975 1660 2033 certam
1727 1969 2007 2033 auctoris
2074 1974 2354 2034 aetatem
2418 1987 2658 2053 ponere
2721 1988 2846 2032 non
2910 1967 3099 2030 licere

767 2075 1078 2142 declarat.

981 2181 1189 2260 Quale
1256 2181 1587 2265 exemplar
1657 2180 2215 2266 Theophrasteum
2284 2182 2351 2247 111
2419 2181 2742 2267 Apollonii
2811 2180 3100 2246 manibus

764 2288 976 2373 fuerit,
1024 2287 1201 2353 haud
1246 2287 1437 2352 facile
1486 2287 1843 2353 diiudicare
1890 2308 2249 2375 possumus,
2315 2309 2701 2372 quamquam
2765 2288 3100 2353 duodecim

768 2394 1069 2482 capitulis
1096 2394 1144 2479 ¹)
1206 2414 1309 2459 res
1372 2414 1408 2459 e
1456 2394 1890 2480 Theophrasti
1952 2395 2132 2461 libris
2196 2395 2630 2481 phytologicis
2693 2394 3100 2480 excerpserit,

770 2502 1073 2584 quoniam
1103 2501 1481 2587 plerumque
1531 2501 1687 2566 nihil
1719 2502 1842 2567 nisi
1874 2523 1976 2568 res
2008 2502 2186 2588 ipsas
2218 2524 2258 2567 a
2292 2502 2745 2588 Theophrasto
2781 2502 3103 2586 expositas

768 2609 978 2692 affert,
1026 2627 1145 2672 nec
1192 2607 1286 2672 ita
1332 2615 1636 2674 accurate
1682 2609 1884 2674 verba
1929 2609 2184 2694 repetit,
2239 2616 2311 2674 ut
2370 2608 2452 2674 de
2515 2615 2696 2674 textu
2757 2608 3102 2691 quidquam

769 2715 1068 2782 concludi
1138 2714 1363 2800 possit.
1486 2715 1620 2781 Sed
1690 2722 1950 2786 exstare
2021 2716 2492 2802 discrepantias
2563 2715 2877 2800 quasdam
2945 2717 3105 2780 inter

770 2820 1096 2907 Apollonii
1115 2831 1180 2887 et
1200 2821 1638 2907 Theophrasti
1659 2821 1920 2888 codices
1941 2822 2366 2891 demonstrari
2385 2829 2617 2908 potest.
2650 2823 2727 2889 E.
2740 2842 2804 2905 g.
2817 2843 2872 2889 6.
2885 2822 3106 2887 XLIII

769 2929 877 3016 (cf.
899 2927 1373 2993 Westermanni
1405 2927 1509 2997 ed.
1539 2928 2003 3014 paradoxogr.)
2041 2930 2263 2995 scribit
2295 2929 2716 3015 Apollonius:
2766 2930 3104 3008 Θεόφρασ-

765 3055 877 3111 τος
909 3035 977 3098 ἐν
1006 3040 1095 3118 τῷ
1127 3035 1269 3113 περὶ
1312 3037 1536 3114 φυτῶν
1565 3036 1708 3112 περὶ
1748 3035 1993 3112 Σόλους
2023 3041 2135 3114 τῆς
2168 3035 2436 3112 Κιλικίας
2470 3037 2644 3114 παρά
2680 3037 2792 3100 τὸν
2823 3036 3105 3113 ποταμὸν

770 3143 883 3206 τὸν
930 3141 1271 3219 λεγόμενον
1334 3142 1652 3220 Πίναρον,
1716 3141 1793 3206 οὗ
1839 3143 1876 3220 ἡ
1941 3145 2102 3222 μάχη
2150 3143 2555 3222 Ἀλεξάνδρου
2625 3145 2788 3222 πρὸς
2833 3143 3107 3219 Δαρεῖον

775 3249 1043 3325 ἐγένετο,
1093 3247 1157 3311 αἱ
1204 3248 1348 3326 ῥόαι
1397 3247 1705 3327 ἀπύρηνοι
1755 3250 2088 3326 γίγνονται·
2159 3249 2478 3315 δι’ὅλου
2542 3253 2628 3315 δὲ
2687 3250 2968 3314 κόκκοι
3025 3250 3106 3313 τὸ

778 3360 1095 3421 (ςιίνίζον
1158 3355 1513 3434 ἔχουσιν.
1607 3355 1932 3440 Theophr.
1982 3354 2044 3423 h.
2093 3356 2182 3440 pl.
2230 3357 2317 3440 II,
2378 3358 2441 3440 2,
2493 3358 2528 3422 7
2587 3355 2776 3423 dicit:
2842 3358 2981 3434 περὶ
3041 3359 3109 3419 δὲ

778 3468 1022 3539 Σῂλους
1066 3467 1179 3541 τῆς
1229 3462 1497 3538 Κιλικίας
1541 3463 1682 3540 περὶ
1730 3463 2020 3541 ποταμὸν
2057 3463 2170 3527 τὸν
2213 3463 2520 3547 Πίναρον,
2566 3462 2643 3527 οὗ
2684 3463 2722 3541 ἡ
2759 3465 2916 3542 μάχη
2950 3462 3108 3540 πρὸς

782 3574 1058 3652 ῂαρεῑον
1105 3571 1374 3646 ἐγένετο,
1434 3573 1638 3633 πᾶσαι
1706 3569 1868 3654 (scil.
1918 3570 2086 3654 ῥόαι)
2148 3572 2466 3646 γίγνονται
2517 3570 2844 3649 ἀπύρηνοι.
2933 3568 3107 3633 Libri

782 3677 1197 3762 manuscripti
1260 3676 1549 3742 ultimam
1611 3696 1804 3759 quam
1871 3676 2131 3742 exhibet
2177 3677 2556 3763 Apollonius
2602 3676 2984 3742 sententiam
3031 3675 3108 3741 de

782 3785 997 3868 granis
1046 3783 1360 3851 omittunt.
1453 3785 1746 3870 Apparet
1793 3804 1944 3851 vero
1976 3783 2041 3848 in
2074 3784 2524 3870 Theophrasto
2573 3784 2740 3850 hane
2790 3782 3106 3866 quondam

782 3896 996 3977 fnisse,
1046 3896 1221 3956 recte
1268 3893 1436 3957 enim
1499 3891 1715 3957 adfert
1760 3891 2193 3958 Schneiderus
2250 3913 2304 3958 6.
2337 3892 2424 3977 pl.
2472 3893 2525 3974 I,
2557 3893 2620 3976 9,
2667 3894 2742 3958 2:
2792 3891 2856 3955 αἱ
2904 3893 2975 3955 δὲ
3013 3893 3108 3954 καὶ

782 3999 1149 4072 μξίῇιστάναι
1209 4001 1373 4078 πρὸς
1433 4000 1506 4064 τὸ
1569 4002 1812 4078 βέλτιον
1877 4002 2161 4076 καθάπερ
2228 3998 2464 4077 εἴρηται
2526 3999 2667 4076 περί
2731 4017 2797 4061 τε
2860 4001 2987 4061 τῶν
3046 3997 3110 4059 ὲν

786 4111 1073 4190 &fumun
1118 4109 1222 4192 καὶ
1270 4107 1338 4171 ἑν
1388 4107 1620 4191 Κιλικίᾳ
1667 4107 1842 4185 ῥοῶν
1889 4106 1950 4170 αἱ
2000 4109 2112 4184 μὲν
2157 4107 2279 4185 γὰρ
2328 4109 2603 4183 γλυκεῖαι
2661 4107 2761 4168 καὶ
2810 4104 3112 4188 οἰνώδεις,

995 4289 1039 4356 1)
1093 4290 1167 4345 cf.
1216 4288 1307 4341 ed.
1352 4287 1802 4342 Westermanni
1863 4286 2434 4358 (paradoxographi)
2507 4301 2608 4339 (1.6.
2664 4283 2827 4351 XVI,
2900 4282 3113 4352 XXIX,

790 4376 1002 4446 XXXI,
1059 4375 1307 4445 XXXII,
1356 4375 1636 4443 XXXIII,
1684 4375 1957 4444 XXXIV,
2005 4375 2220 4444 XLIII,
2269 4375 2536 4440 XLVIII,
2584 4373 2737 4441 XLI,
2787 4371 3023 4439 XLVII,
3065 4371 3113 4425 L

790 4482 1020 4536 ,ῆι-1111161·
1074 4467 1473 4538 Theophrasti
1530 4467 1798 4528 auctoris
1854 4467 2096 4526 nomine
2159 4466 2478 4543 adscriptO,
2542 4465 2742 4523 omnia
2798 4477 2873 4516 ex
2929 4461 2985 4514 h.
3041 4461 3116 4538 pl,

790 4561 1026 4632 sumpta
1065 4561 1222 4623 sunt,
