3409 5342
680 490 876 552 ..9-

193 683 342 755 Theophr.
355 676 433 755 hsspl.
448 685 498 755 VI,
512 687 564 753 8,5.
635 686 703 744 Ath.
724 689 779 744 XV
788 706 815 758 p.
835 688 924 744 siae.
1016 688 1092 745 Plin.
1112 690 1139 743 h.
1158 707 1185 746 n.
1206 690 1269 760 XV,
1289 690 1340 745 123

195 792 225 845 ἐν
244 790 375 859 Αἰγύπτῳ
394 796 448 857 γάρ
466 794 565 856 τὰμὲν
594 795 772 862 διάφοροςδὲ
781 796 885 862 γίνεται
895 796 966 849 κατὰ
992 801 1109 867 myrtus
1153 797 1362 854 odoratissima

194 882 264 935 ἄλλα
290 879 371 934 πάντ’
400 882 493 947 docco
519 881 564 934 καὶ
592 885 646 951 τήν
657 886 749 953 ὀδμὴν
762 886 779 953 ἡ
792 887 822 942 ἐν
832 885 964 954 Αἰγύπτῳ
992 887 1024 940 in
1042 886 1192 963 Aegypte.

195 970 267 1036 ἄνθη
282 969 327 1022 καὶ
341 971 478 1036 ἀρώματα
492 970 519 1023 αἱ
533 973 564 1024 δέ
595 973 712 1041 μυρρίνη
744 976 822 1041 παρὰ
851 976 903 1041 τὰς
935 977 965 1029 ἐν

194 1057 323 1124 μυρρίναι
352 1060 510 1125 θαυμασταὶ
528 1066 562 1130 τῇ
595 1063 689 1128 ἄλλαις
707 1064 818 1130 χώραις.

194 1148 321 1216 εὐοσμίᾳ.

301 1326 504 1409 Quamquam
527 1326 629 1411 primo
659 1329 775 1394 obtutu
807 1330 935 1395 omnino
965 1330 1053 1394 nulla
1084 1328 1211 1395 videtur
1243 1327 1363 1395 disere·

114 1517 116 1521 Ι
194 1433 307 1519 partia
337 1453 426 1501 esse:
464 1421 671 1500 tamennon
704 1435 791 1501 idem
823 1435 1011 1503 Athenaeus
1046 1442 1078 1501 et
1108 1435 1230 1502 Plinius
1265 1443 1363 1521 atque

194 1551 303 1606 noster
341 1540 585 1627 Theophrastus
624 1542 816 1628 significant,
857 1543 977 1629 quippe
1017 1543 1071 1627 qui
1110 1563 1183 1609 cum
1223 1550 1363 1630 myrtum

196 1647 315 1712 dixerit
341 1647 461 1732 optimo
493 1649 594 1714 odore
624 1669 696 1716 esse
726 1650 758 1715 in
782 1651 945 1737 Aegypto,
976 1652 1042 1716 alia
1071 1670 1148 1717 vero
1179 1671 1241 1717 non
1265 1651 1362 1734 olere,

196 1759 305 1825 dicant
328 1767 467 1845 myrtum
491 1749 749 1827 odoratissimam
773 1780 845 1827 esse
868 1761 901 1825 in
924 1761 1077 1847 Aegypto
1102 1760 1184 1845 (scil.
1200 1762 1288 1839 παρὰ
1306 1762 1363 1840 τὰς

196 1869 230 1932 ἐν
255 1867 364 1945 ἄλλαις
386 1870 527 1949 χώραις).
570 1869 716 1951 Augetur
749 1867 978 1952 discrepantia,
1014 1867 1041 1933 si
1076 1867 1171 1933 niodo
1206 1866 1362 1953 respicias

197 1972 457 2057 Theophrastum
504 1972 588 2039 hanc
634 1974 826 2039 sententiam
873 1974 1083 2060 descriptioni
1125 1976 1362 2040 coronariorum

196 2081 391 2166 plantarum,
407 2100 491 2162 quae
507 2085 775 2162 στεφανωματικὰ
788 2081 933 2167 andiunt,
942 2081 1124 2166 inseruisse,
1141 2081 1213 2148 illos
1227 2082 1363 2148 eandem

196 2187 387 2253 sententiam
412 2194 586 2252 accuratae
610 2186 819 2273 descriptioni
842 2188 939 2273 myrti
963 2187 1139 2273 addidisse,
1164 2206 1227 2271 quo
1242 2187 1363 2275 tactum

196 2300 246 2360 est
269 2300 304 2358 nt
326 2293 410 2360 falso
434 2300 595 2361 mutarent
619 2294 866 2380 Theophrastea
890 2295 999 2362 verba.
1045 2294 1214 2361 Accedant
1243 2295 1363 2361 similes

196 2401 329 2485 quidam
351 2400 415 2466 loci
439 2401 480 2467 de
503 2403 617 2487 planta
640 2403 781 2485 quadam
804 2402 943 2468 mirabili
967 2402 1097 2472 Indiae:

194 2599 343 2670 rneopnr.
355 2599 558 2671 aperierat
655 2600 724 2658 Ath.
743 2601 765 2670 1,
785 2619 812 2671 p.
832 2600 902 2656 rao.
1010 2597 1086 2653 Pon.
1105 2600 1133 2655 n.
1146 2616 1175 2657 n.
1189 2597 1294 2667 xxvi,
1311 2599 1345 2679 aa

233 2706 460 2773 Θαυμασιωτάτη
482 2709 513 2760 δέ
530 2708 567 2774 ἣν
644 2707 832 2774 Θεόφραστος
861 2706 964 2759 δὀὕτυι
1028 2706 1363 2778 prodigiosasuntquae

197 2797 213 2848 b
240 2795 325 2860 Ἰνδὸς
356 2796 428 2864 εἶχεν
455 2837 566 2850 .....
594 2797 666 2863 φησί
702 2813 778 2860 τινας
821 2797 966 2862 ὀχευτικὰς
993 2796 1072 2849 circa
1091 2796 1148 2851 hoc
1165 2797 1257 2850 tradit
1268 2796 1363 2851 Theo·

196 2886 287 2937 αὐτὸν
308 2890 378 2950 γοῦν
397 2888 498 2952 λέγειν,
521 2888 567 2941 καὶ
595 2888 725 2951 δυνάμεις
756 2885 824 2939 εἶναι
856 2886 895 2948 ὡς
921 2883 965 2937 καὶ
993 2886 1143 2956 phrastus,
1172 2891 1279 2941 auctor
1312 2887 1363 2941 ali·

195 2973 465 3041 γὰρῆνίσχυρὸςκαί
475 2977 565 3041 μέγας,
596 2978 672 3043 μέχρι
704 2975 965 3041 ἑβδομήκοντα
993 2974 1118 3043 quioqui
1146 2976 1259 3046 gravis,
1288 2990 1363 3046 sap·

197 3064 253 3115 ὅτι
303 3064 567 3131 ἑβδομήκοντά
595 3065 966 3121 συνουσιῶνέπιτελεῖν
993 3068 1154 3134 tuageno
1174 3066 1274 3119 coitu
1302 3065 1363 3119 du·

194 3168 285 3206 ποτε
313 3154 543 3220 πλησιάσειε.
594 3155 682 3208 καὶτὸ
693 3156 858 3208 τελευταῖον
868 3154 965 3218 αὐτοῖς
992 3167 1093 3206 rasse
1119 3153 1272 3209 libidinem
1296 3169 1364 3211 con·

193 3240 248 3307 τήν
280 3243 312 3294 δὲ
342 3244 459 3308 πρόεσιν
487 3243 565 3311 αὐτῷ
595 3243 661 3309 αἷμα
680 3243 890 3310 ἀποκρίνεσθαι.
993 3246 1078 3296 tactu
1114 3242 1234 3311 herbae,
1277 3244 1364 3297 cuius

193 3331 566 3397 τοῦσπέρματοςεῖναικατὰ
992 3348 1102 3387 nomen
1121 3346 1282 3403 genusque
1301 3348 1363 3387 non

195 3419 328 3485 σφράγγα
338 3423 480 3473 τελευτῶν
489 3421 520 3474 δέ
529 3420 567 3484 εἰς
993 3423 1102 3491 posuit.

195 3507 262 3574 αἷμα
281 3509 402 3575 ἀγαγεῖν,

302 3688 396 3765 Quod
420 3690 519 3755 semel
542 3689 663 3755 tactum
691 3708 762 3756 esse
786 3688 1030 3774 Theophrastus
1061 3687 1154 3774 dixit,
1185 3695 1218 3755 et
1241 3688 1364 3757 Plinius

194 3802 227 3862 et
272 3795 459 3862 Athenaeus
505 3798 537 3861 in
590 3797 772 3863 universnm
815 3802 954 3881 vertunt,
1007 3795 1142 3861 formam
1186 3795 1363 3863 sententiae

193 3901 461 3986 Theophrasteae
486 3911 619 3986 uterque
648 3903 762 3968 eodem
790 3902 886 3967 modo
911 3901 1120 3967 commutavit
1150 3900 1190 3969 ot.
1215 3900 1363 3968 ἐπιτελεῖν

194 4011 411 4088 ἑβδομήκοντα
432 4016 617 4076 συνουσιῶν
642 4042 678 4069 =
706 4017 906 4095 septuageno
931 4010 1017 4074 coitu
1041 4008 1176 4075 durasse
1197 4009 1363 4075 libidinem

193 4123 307 4182 contra
331 4118 546 4203 Theophrasti
579 4120 794 4197 ἑβδομήκοντα
824 4117 1021 4197 πλησιάσειε,
1053 4122 1187 4199 uterque
1217 4136 1235 4181 e
1264 4118 1363 4183 verbo

192 4228 381 4303 πλησιάσειε
405 4226 641 4292 substantivum
672 4227 850 4290 συνουσίαν
885 4224 947 4290 sibi
978 4224 1138 4310 formavit,
1172 4223 1288 4291 iterum
1320 4225 1363 4290 ad

193 4351 361 4398 commune
386 4353 495 4398 eorum
520 4334 688 4418 exemplar
711 4333 773 4399 hoo
797 4334 960 4418 pertinere
984 4331 1212 4399 contenderim.

300 4440 369 4504 Iam
401 4460 484 4522 quac
515 4440 754 4508 demonstrasse
788 4440 881 4506 nobis
914 4438 1072 4523 videmur,
1111 4439 1225 4523 paucis
1256 4439 1381 4507 verbis

194 4547 519 4632 comprehendamus:
548 4548 575 4614 is
600 4548 855 4634 Theophrastus,
880 4546 970 4615 cuius
994 4545 1181 4614 Athenaeus
1208 4547 1365 4631 quinqua-
