3409 5342
610 516 831 596 ὖ,πρ-1

137 714 295 791 classibus
318 725 472 789 Arabiam
495 725 633 809 primum
657 724 809 791 odoribus
833 725 1012 790 nuntiatam
1035 725 1067 789 in
1092 726 1204 809 altum)
1222 735 1306 790 eoni-

136 850 254 914 parare
276 831 352 897 licet
374 831 406 898 h.
430 831 474 916 pl.
493 830 552 913 IX,
578 832 608 916 7,
625 833 662 898 2:
687 832 880 910 εἸςβάλλοντι
904 830 979 911 δἐἰς
1001 833 1058 897 τὸν
1087 833 1186 897 τόπον
1212 832 1307 910 cotug

137 937 222 1016 ὀσμὴ
245 939 441 1017 προςβάλλει·
466 938 505 1002 οὺ
530 941 591 1017 μήν
606 941 800 1018 πορρωτέρω
824 960 860 1015 γε
876 939 895 1018 ἡ
915 938 1061 1018 ἀποπνοή
1078 940 1195 1016 γίνεται
1212 938 1307 1003 καθά-

136 1065 195 1123 περ
229 1047 312 1123 aaa
345 1062 428 1126 φασι
457 1050 528 1124 ταῖς
563 1048 839 1126 προςφερομὲναις
867 1048 963 1111 ναυσὶ
993 1048 1074 1125 πρὸς
1103 1049 1161 1125 τήν
1189 1047 1307 1126 χώραν.

137 1153 206 1217 Iam
239 1153 483 1238 Theophrastus
518 1153 616 1236 igitur
649 1153 777 1219 tabulas
812 1160 844 1218 et
873 1153 1032 1218 Herodoti
1069 1159 1101 1218 et
1129 1153 1308 1219 Alexandri

137 1258 247 1342 Magni
277 1260 428 1324 comitum
458 1265 593 1325 noverat
622 1279 727 1342 neque
758 1259 882 1325 Plinius
913 1280 970 1345 per
994 1259 1099 1326 Jubae
1129 1259 1228 1326 libros
1253 1280 1309 1326 eas

137 1364 285 1447 exhibet,
315 1364 374 1430 sed
406 1384 446 1429 ex
478 1365 550 1449 ipso
583 1365 825 1452 Theophrasto,
860 1366 950 1432 cuius
982 1366 1083 1432 verba
1115 1367 1206 1431 auxit
1237 1367 1308 1451 ipso

137 1471 303 1536 Herodoto
327 1471 482 1538 adhibito.
529 1472 595 1537 Sed
630 1472 716 1538 unde
748 1473 873 1539 Plinius
906 1473 1062 1538 Herodoti
1095 1473 1195 1538 verba
1225 1493 1309 1538 com-

138 1578 221 1663 perit
254 1599 274 1643 a
306 1578 532 1664 Theophrasto
571 1599 709 1646 excussa
743 1583 838 1647 esse?
893 1580 1000 1646 Etiam
1031 1581 1061 1647 h.
1087 1602 1116 1648 n.
1149 1580 1217 1645 XII
1224 1632 1232 1665 ,
1267 1581 1310 1646 80

138 1685 349 1771 Sprengelins
378 1706 438 1770 per
466 1686 584 1753 Jubam
612 1688 719 1753 locum
748 1687 967 1753 Herodoteum
995 1688 1037 1752 ad
1065 1687 1204 1753 Plinium
1238 1707 1309 1772 per-

138 1792 265 1859 venisse
288 1793 486 1878 suspicatur,
518 1794 605 1877 quod
635 1814 700 1859 una
723 1814 796 1858 cum
819 1793 985 1859 Herodoto
1009 1795 1095 1860 Juba
1118 1793 1308 1860 nominatur.

138 1900 182 1964 At
205 1898 310 1965 Jubae
333 1900 493 1966 sententia
515 1920 574 1985 per
588 1901 688 1986 ipsius
704 1901 862 1967 Herodoti
878 1902 1052 1967 refutatur:
1078 1953 1101 1985 ,.
1120 1952 1127 1967 .
1146 1950 1153 1966 .
1172 1950 1179 1965 .
1195 1908 1310 1986 postea

139 2006 311 2071 characem
343 2006 410 2091 peti
444 2014 594 2092 coeptum
629 2027 668 2073 ac
702 2027 804 2090 regna
836 2008 1028 2073 Parthorum
1062 2027 1103 2072 ex
1138 2027 1178 2072 ea
1209 2027 1310 2073 causa

138 2118 252 2178 auctor
276 2119 324 2178 est
347 2114 433 2179 Juba
457 2112 500 2178 ad
523 2114 641 2180 Persas
665 2114 762 2180 etiam
786 2115 877 2199 prius
899 2113 965 2179 ista
987 2120 1133 2199 portasse
1157 2133 1254 2196 quam
1277 2113 1310 2177 in

138 2219 268 2304 Syriam
299 2226 356 2284 aut
388 2221 574 2305 Aegyptum
607 2219 758 2286 videntur
790 2220 956 2287 Herodoto
992 2226 1084 2304 teste,
1120 2218 1176 2302 qui
1210 2220 1310 2284 tradit

139 2326 379 2408 singulamilia
402 2327 558 2392 talentum
583 2347 690 2392 annua
713 2327 793 2392 turis
820 2327 1001 2412 pensitasse
1024 2326 1151 2399 Arabas
1179 2326 1310 2409 regibus

138 2433 333 2499 Persarum.‘
379 2434 509 2499 Munzer
532 2434 553 2500 l.
570 2435 591 2500 l.
611 2456 643 2519 p.
662 2436 703 2500 19
720 2434 842 2519 primus
866 2434 949 2499 hene
973 2433 1203 2500 demonstravit
1226 2434 1310 2498 hanc

139 2542 331 2606 sententIam
355 2561 395 2606 ex
418 2542 490 2627 ipso
514 2541 678 2607 Herodoto
704 2542 844 2607 aPlinio
869 2541 1072 2626 desumptam
1096 2561 1177 2607 esse.
1212 2540 1310 2605 Plini-

139 2669 204 2714 ana
226 2650 298 2733 ipsa
321 2649 421 2714 verba
443 2648 474 2714 h.
490 2669 520 2716 n.
537 2648 613 2733 XII,
640 2650 679 2715 17
704 2648 897 2733 significant,
922 2649 976 2713 ubi
993 2648 1107 2713 eadem
1123 2647 1310 2714 Herodotea

139 2757 300 2822 sententia
334 2762 442 2821 exstat
477 2756 614 2840 amplior
649 2763 681 2821 et
716 2756 757 2820 de
792 2756 949 2821 Herodoti
985 2755 1052 2821 vita
1086 2756 1186 2821 verba
1220 2755 1309 2822 fiunt.

138 2864 272 2928 Munzer
293 2863 315 2928 l.
339 2864 360 2928 l.
384 2861 539 2947 probasse
563 2862 640 2927 mihi
664 2863 790 2929 videtur
813 2862 951 2928 Plinium
975 2863 1080 2947 ipsum
1104 2861 1310 2927 vetustiorem

138 2978 304 3035 auctorem
326 2969 348 3035 i.
362 2988 390 3035 e.
407 2967 606 3035 Herodotum
624 2977 736 3035 contra
752 2970 963 3036 recentiorem
979 2969 1097 3034 Jubam
1113 2969 1260 3055 posuisse
1274 2968 1308 3053 ¹),

139 3078 249 3154 Quare
273 3083 305 3141 et
328 3076 359 3141 h.
383 3097 413 3141 n.
438 3077 514 3159 XII,
542 3078 592 3159 17,
623 3077 678 3141 uhi
709 3077 796 3142 idem
826 3078 998 3162 exponitur
1028 3082 1126 3158 atque
1155 3077 1232 3159 XII,
1257 3076 1310 3157 80,

138 3202 238 3265 quam
261 3202 319 3266 pro
344 3188 432 3246 certo
461 3200 502 3246 ex
529 3181 601 3267 ipse
625 3181 791 3247 Herodoto
821 3179 968 3267 sumpsit,
998 3181 1122 3247 Plinius
1145 3181 1311 3247 Herodoto

138 3290 212 3373 ipso
242 3308 318 3354 usus
346 3307 417 3353 esse
449 3288 587 3354 videtur.
634 3287 758 3366 Quodsi
790 3289 921 3374 probas,
954 3288 1050 3354 facile
1081 3296 1148 3353 tum
1172 3288 1311 3353 Plinium

138 3395 185 3461 ad
208 3395 406 3460 Herodotum
431 3394 562 3460 ductum
585 3414 657 3461 csse
680 3395 784 3481 primo
807 3396 880 3461 loeo
897 3395 1066 3481 concedes,
1091 3395 1228 3481 sumpsit
1243 3400 1310 3460 tum

139 3505 172 3570 h.
196 3525 227 3570 n.
251 3503 327 3587 XII,
354 3505 393 3569 17
418 3510 451 3567 et
474 3503 550 3588 XII,
574 3504 618 3569 80
642 3524 683 3570 ex
707 3505 865 3570 Herodoti
888 3506 949 3589 III,
973 3505 1015 3570 97
1041 3524 1088 3588 sq.
1135 3504 1174 3570 In
1197 3505 1312 3570 eadem

139 3617 235 3697 parte
252 3612 312 3696 III,
336 3612 397 3677 107
423 3617 530 3676 exstat
544 3612 704 3677 sententia
720 3610 760 3676 de
776 3613 1030 3678 cinnamomomo
1047 3617 1079 3677 et
1103 3612 1194 3679 casia
1214 3631 1313 3698 supra

251 3789 270 3857 ¹)
287 3790 368 3845 idem
388 3792 522 3846 iudicare
542 3792 613 3846 licet
639 3793 676 3847 de
695 3794 722 3846 h.
742 3810 771 3849 n.
790 3792 870 3861 VIII,
897 3793 922 3862 7,
948 3808 1009 3863 qua
1034 3792 1113 3848 idem
1139 3792 1312 3848 Herodotus

139 3878 242 3934 Jubae
262 3882 432 3951 opponitur,
451 3881 488 3936 de
508 3898 568 3951 qua
588 3880 806 3948 Wellmannus‚
832 3881 964 3936 Hermae
990 3883 1048 3936 vol.
1068 3880 1190 3951 XXVII,
1214 3900 1241 3953 p.
1260 3882 1313 3936 392

138 3967 218 4023 dixit
235 3967 335 4022 Jubae
355 3984 420 4023 esse
440 3971 725 4025 contaminationem
745 3971 880 4026 eiusdem
894 3972 1063 4025 sententiae
1075 3970 1268 4026 Herodoteae
1282 3976 1313 4025 et

139 4056 236 4127 ipsius
256 4055 363 4111 Jubae.
403 4056 516 4120 Quodsi
542 4056 658 4112 Plinius
684 4059 770 4113 dicit:
800 4075 896 4128 ,quae
919 4059 1000 4113 Juba
1027 4075 1142 4114 cornua
1170 4060 1312 4130 appellat,

139 4144 315 4199 Herodotus
335 4186 341 4198 .
362 4187 367 4197 .
388 4188 394 4201 .
416 4186 421 4198 .
441 4146 549 4201 melius
569 4146 691 4202 dentes“
712 4148 777 4202 fleri
795 4164 857 4202 non
876 4152 976 4218 potest
988 4152 1024 4202 ut
1036 4144 1118 4203 Juba
1132 4148 1207 4203 haee
1221 4146 1313 4203 Hero·

141 4235 205 4288 doti
224 4235 318 4288 verba
337 4235 488 4303 exhibeat,
507 4240 572 4289 tum
591 4236 670 4289 enim
690 4241 721 4290 et
740 4236 822 4307 apud
841 4234 907 4291 Ael.
931 4236 958 4290 h.
982 4251 1031 4290 cn.
1050 4234 1100 4304 IV,
1119 4235 1152 4290 31
1172 4239 1204 4289 et
1222 4235 1313 4290 Paus.

140 4323 176 4392 V,
196 4324 275 4393 121,
294 4325 347 4393 qui
365 4324 466 4379 Jubae
483 4326 577 4380 verba
597 4326 701 4394 citant,
714 4325 861 4381 Herodoti
874 4330 1129 4397 exspectaremus.
1158 4323 1240 4380 Sanc
1252 4342 1313 4379 non

141 4414 282 4483 tangitur
314 4414 371 4466 hae
399 4427 432 4466 re
465 4413 562 4467 altera
589 4412 771 4467 Wellmanni
799 4415 951 4468 sententia
979 4414 1005 4468 h.
1035 4430 1064 4466 n.
1083 4412 1154 4467 VIII
1182 4412 1314 4467 Plinium

141 4501 255 4556 Jubam
284 4501 466 4570 adhibuisse,
495 4518 586 4571 quam
614 4503 675 4555 iam
694 4501 907 4557 Xalkmannus
936 4503 1020 4570 libro,
1048 4502 1234 4571 ,Pausanias
1261 4503 1315 4556 der

141 4590 300 4660 Perieget“
322 4591 455 4660 protulit,
475 4590 591 4644 Plinius
610 4606 687 4644 vero
702 4592 766 4661 ipse
785 4590 930 4645 Herodotl
951 4590 1042 4645 verba
1063 4591 1185 4645 addIdIt.

1227 4697 1243 4749 4
