3409 5342
860 486 1078 558 ,50-

382 682 493 770 allata,
529 705 589 751 uec
618 687 751 773 mireris,
777 687 864 770 quod
894 694 962 753 tum
985 689 1107 756 Plinius
1131 689 1348 777 Theophrasti
1379 689 1480 755 verba
1508 710 1553 755 ex

381 792 547 858 Herodoto
570 792 671 859 auxit.
697 835 734 844 -
762 794 804 859 Hi
827 802 902 861 sunt
932 802 998 863 tres
1027 797 1091 863 loci
1124 797 1240 880 quibus
1264 795 1420 862 Herodoti
1450 797 1554 861 verba

382 907 568 966 occurrunt:
592 901 625 965 in
648 901 750 986 primo
774 901 845 988 ipse
869 903 1112 989 Theophrastus
1136 903 1274 969 Plinium
1291 903 1334 968 ad
1350 901 1552 967 Herodotum

383 1007 476 1071 duxit
499 1007 590 1092 (XII,
616 1011 682 1097 11),
711 1009 744 1074 in
774 1010 877 1075 altero
902 1011 991 1095 (XII,
1016 1011 1072 1095 80)
1105 1010 1227 1076 Plinius
1250 1010 1320 1096 ipse
1352 1008 1551 1074 Herodotum
1674 1050 1675 1101 3

382 1113 534 1199 inspexit,
558 1114 644 1197 quod
668 1122 701 1181 et
723 1115 800 1202 XII,
826 1118 866 1182 17
891 1117 937 1185 fit.

488 1221 697 1306 Sprengelius
728 1242 746 1288 e
777 1224 873 1289 Plinii
895 1224 1004 1292 verbis
1035 1224 1194 1291 derivavit
1225 1223 1340 1291 seriem
1373 1229 1551 1306 auctorum,

381 1327 497 1411 quihus
519 1329 606 1395 Juba
629 1344 706 1396 usus
724 1329 820 1397 fuerit
835 1331 890 1415 (ct.
906 1331 1062 1417 imprimis
1081 1333 1101 1399 l.
1119 1333 1139 1398 l.
1157 1354 1189 1417 p.
1206 1332 1248 1397 62
1266 1335 1360 1414 sqq.),
1377 1329 1551 1414 scriptores

380 1434 477 1517 igitur
501 1454 608 1500 rerum
630 1435 819 1521 Alexandri,
851 1458 932 1522 quos
956 1438 1077 1506 Plinius
1106 1439 1140 1503 in
1170 1437 1302 1503 elencho
1333 1437 1406 1502 libr.
1430 1436 1495 1501 XII
1516 1442 1551 1500 et

381 1540 463 1606 XIII
487 1542 709 1629 nominaverit,
734 1564 752 1610 e
775 1544 861 1611 Juba
885 1545 1072 1632 desumptos
1096 1566 1177 1612 esse.
1203 1567 1234 1631 p.
1251 1546 1295 1612 54
1317 1543 1389 1610 libr.
1407 1544 1481 1628 XII,
1504 1544 1546 1607 21

381 1646 454 1714 hist.
478 1656 545 1715 nat.
577 1655 673 1733 (nunc
705 1671 762 1718 eas
794 1672 1003 1738 exponemus,
1031 1673 1112 1737 quas
1144 1652 1261 1718 mirata
1296 1658 1345 1718 est
1372 1649 1549 1716 Alexandri

381 1755 492 1840 Magni
530 1755 666 1822 victoria
704 1759 781 1825 orbe
819 1780 858 1826 eo
896 1761 1077 1850 patefacto)
1106 1769 1138 1828 et
1167 1767 1188 1845 ξ
1218 1760 1261 1827 25
1287 1759 1431 1826 eiusdem
1468 1757 1549 1822 libro

381 1869 516 1946 (genera
539 1863 688 1930 arborum
712 1866 908 1933 Macedones
932 1887 1105 1935 narravere
1136 1867 1257 1934 maiore
1288 1887 1329 1933 ex
1359 1872 1452 1952 parte
1481 1864 1549 1930 sine

380 1969 573 2054 nominihus)
597 1970 703 2038 Jubae
727 1973 827 2039 verba
850 1993 922 2040 csse
945 1995 1005 2060 pro
1029 1984 1117 2040 certo
1141 1974 1246 2041 sumit.
1292 1974 1362 2042 Neo
1385 1972 1447 2037 hoc
1478 1991 1548 2056 pro-

380 2075 460 2141 bare
483 2075 596 2143 velim:
619 2077 695 2144 inde
719 2100 740 2144 a
754 2085 775 2163 ξ
791 2081 831 2145 21
850 2079 964 2166 incipit
980 2081 1102 2147 Plinius
1119 2080 1367 2165 descriptionem
1384 2078 1548 2160 regionum

380 2203 483 2269 nuper
506 2187 752 2270 patelactarum,
777 2208 861 2271 quae
884 2189 996 2255 nititur
1018 2190 1051 2255 in
1074 2190 1238 2275 Theophr.
1262 2190 1293 2256 h.
1307 2190 1351 2274 pl.
1368 2189 1424 2271 IV,
1441 2188 1548 2267 4sqq.

380 2292 430 2357 lbi
454 2293 551 2358 etiam
575 2294 819 2380 Theophrastus
841 2296 956 2381 incipit
979 2296 1063 2362 hanc
1087 2296 1346 2382 descriptionem,
1371 2314 1454 2378 quae
1472 2294 1547 2358 item

378 2400 586 2484 progreditur
609 2403 788 2468 secundnm
810 2403 990 2470 Alexandri
1014 2404 1263 2489 expeditionem.
1310 2401 1438 2467 Initium
1462 2408 1481 2485 ξ
1505 2402 1548 2466 25

378 2507 474 2572 Plinii
497 2509 636 2593 pertinet
660 2510 703 2575 ad
722 2513 812 2595 524,
836 2532 921 2595 quae
944 2518 1013 2578 tota
1037 2512 1154 2578 hausta
1176 2518 1226 2578 est
1246 2509 1441 2596 eTheophr.
1457 2509 1487 2575 h.
1504 2507 1547 2592 pl.

379 2615 435 2698 IV,
459 2614 490 2699 4,
515 2615 553 2681 5:
584 2616 687 2695 Οὗτος
711 2619 745 2683 ἐν
767 2626 804 2702 τῇ
828 2619 931 2704 κοιλίᾳ
961 2621 1082 2699 δηγμὸν
1114 2620 1234 2697 ἐμποιεῖ
1263 2619 1314 2682 καὶ
1346 2616 1549 2693 δυσεντερίαν

380 2720 439 2784 br'b
462 2721 664 2803 Ἀλέξανδρος
687 2724 861 2804 ἀπεκήρυξε
881 2729 922 2805 μὴ
936 2727 1054 2791 ἐσθίειν
1076 2778 1082 2793 .
1109 2776 1116 2790 .
1142 2776 1149 2789 .
1174 2775 1180 2788 .
1204 2728 1255 2789 καὶ
1279 2725 1370 2803 ἕτερα
1394 2727 1430 2788 δὲ
1452 2723 1548 2786 πλείω

379 2829 429 2892 καὶ
453 2831 650 2909 διαφέροντα
672 2836 737 2896 τῶν
761 2832 795 2896 ἐν
817 2836 885 2909 τοῖς
897 2833 1056 2912 Ἕλλησιν,
1082 2831 1351 2909 ἀλλ’ἀνώνυμα.
1392 2831 1431 2894 In
1445 2829 1548 2893 Theo-

379 2935 503 3019 phrasti
522 2935 742 3016 ἀλλ’ἀνώνυμα
754 2938 865 3003 nititur
880 2938 1028 3005 Pliniana
1044 2939 1220 3005 sententia:
1244 2957 1377 3022 ,genera
1399 2936 1549 3001 arborum

379 3062 551 3107 narravere
574 3043 769 3111 Macedones
792 3046 914 3111 maiore
928 3067 969 3111 ox
985 3052 1078 3132 parte
1102 3046 1188 3111 sine
1211 3044 1455 3109 nominibus‘.
1486 3039 1549 3105 Cur

378 3148 511 3213 tandem
535 3150 657 3216 Plinius
682 3171 741 3236 per
763 3151 870 3218 Jubae
898 3153 998 3219 libros
1029 3153 1087 3218 hos
1118 3172 1224 3217 rerum
1246 3149 1424 3216 Alexandri
1449 3148 1547 3230 scrip-

378 3261 465 3321 tores
497 3256 684 3324 adhibuisse
709 3258 841 3325 dicitur!
867 3279 939 3324 oum
963 3260 1027 3324 iam
1051 3258 1295 3344 Theophrastus
1319 3277 1427 3324 eorum
1451 3255 1549 3319 verba

378 3362 544 3448 praebeat,
569 3384 664 3447 quem
688 3366 810 3431 Plinius
834 3366 1034 3432 adverbum
1059 3367 1230 3431 transtulit.

484 3472 582 3537 Falso
605 3473 669 3538 iarn
688 3494 788 3558 supra
803 3474 942 3540 diximus
959 3495 1000 3539 ex
1016 3474 1097 3539 libro
1115 3474 1160 3538 Vl
1177 3472 1219 3537 de
1234 3472 1324 3538 libris
1339 3472 1405 3536 XII
1420 3477 1451 3535 et
1467 3469 1547 3533 XIII

377 3577 451 3644 hist.
476 3585 540 3644 nat.
565 3577 742 3661 quidquam
759 3580 925 3647 concludi:
948 3581 1053 3646 Juhae
1070 3579 1143 3644 libri
1160 3578 1394 3664 geographiam
1408 3581 1548 3642 tractant

378 3691 409 3748 et
444 3684 590 3766 quamvis
625 3688 765 3771 amplum
794 3695 902 3752 tamen
929 3686 1105 3753 secundum
1137 3687 1243 3752 locum
1268 3692 1378 3750 tenent
1403 3681 1548 3763 noologia

378 3798 409 3856 et
432 3792 633 3877 phytologia,
658 3794 903 3879 Theophrastus
927 3814 1003 3860 vero
1028 3794 1068 3860 de
1091 3795 1165 3879 ipsa
1188 3792 1379 3878 phytologia
1401 3791 1469 3874 agit
1492 3790 1547 3871 ita,

378 3904 412 3962 ut
435 3897 490 3962 ille
513 3898 713 3983 aptissimum
737 3899 841 3965 Plinio
865 3919 900 3965 se
923 3900 1113 3985 praebuisse
1136 3905 1299 3964 auctorem
1316 3897 1479 3984 putandus
1495 3894 1547 3960 sit.
1677 3954 1678 3959 ,

378 4005 413 4068 In
447 4004 639 4089 appendicis
670 4006 722 4072 vel
752 4006 967 4092 supplementi
996 4008 1067 4072 loco
1098 4026 1182 4088 quae
1218 4027 1303 4071 nova
1338 4002 1546 4090 phytologica

376 4110 482 4176 Iubae
504 4112 594 4178 libris
617 4113 744 4179 inerant
767 4113 1014 4180 adhibebantur.
1061 4115 1157 4179 Patet
1180 4133 1256 4179 vero
1279 4112 1349 4178 fieri
1372 4112 1434 4177 hoc
1450 4129 1545 4196 posse
1677 4194 1678 4221 ,

378 4238 441 4282 non
465 4219 526 4284 nisi
548 4221 580 4284 in
604 4220 799 4305 regionibus,
825 4241 907 4304 quas
929 4222 1016 4288 Juba
1040 4220 1221 4305 descripsit,
1246 4240 1306 4285 nec
1322 4241 1343 4285 a
1358 4239 1393 4284 re
1408 4218 1546 4283 alienum
1677 4256 1678 4259 =

376 4332 454 4410 puto
477 4346 584 4410 pauca
607 4327 648 4391 de
672 4326 733 4392 hoc
757 4336 946 4411 argumento
971 4328 1089 4394 dicere.
1125 4327 1339 4396 Nominantur
1354 4326 1428 4391 libri
1444 4325 1549 4399 Iubae

377 4430 428 4515 ,de
457 4432 663 4531 expeditione
694 4433 844 4500 Arabica‘
875 4456 896 4500 a
920 4434 1023 4499 Plinio
1053 4434 1085 4498 h.
1109 4455 1140 4500 n.
1164 4435 1240 4519 XII,
1271 4434 1314 4499 56
1338 4439 1369 4499 et
1393 4433 1449 4517 VI,
1476 4434 1550 4517 141,

377 4537 448 4602 aliis
471 4539 551 4603 locis
575 4539 643 4604 sine
666 4540 759 4605 titulo
783 4541 932 4607 citantur.
978 4539 1174 4623 Negaverim
1198 4539 1308 4622 itaque
1328 4537 1453 4603 Indiam
1471 4558 1500 4602 e.
1519 4559 1550 4622 g.
