3409 5342
658 524 894 637 -51-ο

183 724 216 783 et
248 717 364 802 ,finem‘
398 719 617 802 agriculturae
652 739 723 785 esse
756 717 844 783 dicit.
900 715 1013 781 Facile
1044 717 1214 781 monstrari
1248 723 1354 800 potest

182 823 320 890 Plinium
345 844 417 889 cum
440 825 502 889 hoc
525 824 693 889 exordium
717 824 873 890 scriberet
896 822 940 888 ad
964 843 1093 888 manum
1108 822 1260 888 habuisse
1276 823 1354 887 Var-

183 930 269 997 ronIs
293 931 402 1015 libros,
426 951 507 1013 quos
531 932 669 1016 primum
693 932 735 997 ad
760 951 851 998 suam
875 929 976 1015 ipsius
993 927 1226 1014 expositionem
1243 949 1354 994 excus-

183 1057 275 1104 surus
299 1057 369 1104 esse
393 1037 531 1104 videtur.
577 1039 690 1124 Nuper
713 1040 883 1118 Mdnzerus
906 1038 927 1104 l.
947 1039 968 1104 l.
988 1059 1020 1121 p.
1040 1038 1081 1102 19
1095 1057 1143 1119 sq.
1158 1036 1219 1102 hoc
1235 1036 1354 1121 optime

182 1144 382 1229 monstravit,
408 1144 499 1210 cuius
522 1148 834 1228 argumentationem
853 1145 935 1209 falso
952 1142 1182 1208 Dettlefsenius
1197 1143 1228 1207 in
1245 1163 1354 1207 recen-

182 1250 271 1316 sione
295 1251 380 1318 Berl.
406 1251 484 1336 phil.
509 1251 872 1318 Wochenschrift1898
892 1252 953 1318 No.
973 1252 1014 1314 14
1030 1271 1062 1335 p.
1081 1251 1145 1314 110
1161 1249 1355 1331 nequiquam

182 1356 325 1422 refutare
348 1357 481 1424 studuit.
528 1358 615 1424 Dicit
643 1359 765 1425 Plinius
796 1358 826 1425 h.
851 1380 881 1425 n.
906 1359 981 1442 XII,
1009 1360 1069 1423 ll:
1101 1363 1161 1441 ,est
1191 1356 1354 1441 Gortynae

182 1465 215 1528 in
238 1463 343 1529 insula
367 1465 579 1530 Oretaiuxta
601 1466 722 1531 fontem
745 1467 899 1552 platanus
920 1485 985 1530 urna
1017 1462 1182 1546 insignis
1215 1463 1353 1527 utrius-

183 1590 255 1652 que
282 1570 439 1655 linguae
469 1572 722 1638 monumentis
746 1593 921 1655 numquam
944 1571 1023 1637 folia
1047 1570 1208 1635 dimittens
1232 1568 1354 1635 statim-

183 1697 246 1759 que
282 1678 312 1742 ei
345 1679 503 1748 Graeciae
545 1680 737 1746 fabulositas
777 1679 936 1765 superfuit
967 1730 974 1746 .
1000 1730 1007 1745 .
1034 1731 1040 1744 .
1066 1729 1074 1744 .
1103 1684 1184 1760 sqq!
1240 1676 1355 1742 Verbis

183 1783 360 1867 ,utriusque
392 1785 522 1869 linguae
551 1790 767 1850 monumenta‘
798 1784 1021 1869 significantur
1050 1784 1121 1850 libri
1147 1784 1299 1848 Varronis
1323 1791 1355 1848 et

184 1890 418 1976 Theophrasti:
450 1891 505 1957 ille
538 1891 670 1958 exhibet
702 1891 786 1957 hanc
819 1891 1067 1976 descriptionem
1100 1913 1125 1957 r.
1149 1912 1174 1957 r.
1199 1892 1230 1975 l,
1263 1891 1299 1974 l,
1323 1892 1354 1975 6,

183 1997 235 2062 11ο
252 1998 282 2064 lr.
299 1998 344 2083 pl,
362 1999 387 2082 I,
412 1999 443 2084 9,
467 2000 499 2065 5.
546 1999 705 2065 Monstrat
727 1999 897 2065 Mdnzerus
920 1999 963 2064 ad
986 2018 1115 2064 manum
1138 1997 1290 2064 habuisse
1313 1998 1354 2062 ab

181 2104 272 2169 initio
298 2125 395 2169 unum
420 2106 607 2190 Varronem,
639 2108 694 2188 qui
716 2106 978 2192 Theophrastum
1011 2113 1049 2191 (r.
1072 2126 1097 2171 r.
1122 2106 1148 2189 I,
1174 2107 1203 2189 1,
1223 2103 1257 2188 6)
1281 2125 1354 2169 auc-

182 2216 285 2276 torem
307 2210 460 2278 nominat.
507 2213 558 2277 Ita
581 2213 705 2279 Plinius
729 2212 772 2278 ad
795 2213 898 2299 ipsius
914 2211 1132 2298 Theophrasti
1147 2211 1256 2295 libros,
1281 2209 1355 2275 diri-

183 2317 279 2402 gitur,
304 2338 399 2400 quem
423 2319 493 2404 ipse
517 2325 584 2384 tum
604 2320 728 2385 excutit
744 2327 776 2384 et
790 2340 899 2405 pauca
915 2341 956 2385 ex
971 2340 1009 2386 co
1027 2319 1129 2403 addit,
1154 2337 1237 2400 quae
1252 2318 1355 2382 Varro

183 2423 344 2490 omiserat.
391 2424 422 2491 h.
447 2447 478 2491 n.
502 2426 592 2509 XVI,
617 2428 656 2492 81
692 2427 776 2491 redit
809 2427 852 2492 ad
885 2427 969 2491 hauc
1000 2425 1191 2492 sententiam
1215 2423 1354 2490 Plinius:

183 2528 292 2612 ,idque
315 2530 429 2595 mirum
453 2539 501 2597 est
518 2532 652 2597 Graecis
671 2532 858 2597 auctoribus
874 2531 1047 2617 proditum,
1064 2531 1153 2616 apud
1169 2551 1228 2596 nos
1242 2536 1355 2614 postea

182 2635 290 2700 sileri‘.
343 2636 385 2702 Et
418 2637 471 2702 hic
503 2638 669 2720 utriusque
701 2640 832 2721 linguae
865 2646 1081 2724 monumenta,
1115 2639 1291 2704 Varronem
1324 2642 1356 2701 et

183 2742 452 2827 Theophrastum,
468 2743 512 2807 ad
528 2764 657 2809 manum
673 2745 830 2812 habebat:
847 2766 947 2828 quare
960 2746 1065 2811 Varro
1081 2746 1204 2831 primus
1219 2743 1355 2809 Plinium

182 2849 226 2913 ad
249 2847 465 2933 Theophrasti
489 2849 588 2915 libros
612 2849 714 2917 duxit.
762 2851 886 2929 Quodsi
908 2852 1099 2937 respicimus
1115 2850 1354 2935 Varronissen-

182 2954 300 3019 tentias
322 2954 355 3018 in
379 2955 512 3021 exordio
535 2955 610 3020 libri
632 2956 699 3022 XII
723 2964 864 3042 exstare,
888 2958 953 3022 iam
977 2964 997 3041 ἕ
1015 2960 1032 3023 1
1054 2963 1086 3022 et
1102 2958 1123 3022 9
1140 2954 1355 3040 Theophrasti

182 3063 282 3127 verba
297 3062 399 3147 citari,
425 3069 444 3146 ξ
463 3065 501 3127 11
524 3063 663 3147 denique
679 3066 857 3130 Varronem
873 3066 917 3131 ad
933 3064 1192 3150 Theophrastum
1214 3063 1354 3147 duxisse,

183 3188 255 3233 cum
278 3168 343 3233 iam
366 3175 386 3253 ξ
410 3170 498 3233 3-6
521 3170 699 3236 Varronem
722 3171 870 3237 redolere
885 3171 1138 3256 probaverimus,
1162 3169 1259 3235 facile
1278 3168 1355 3233 inde

183 3274 333 3340 contendi
346 3274 443 3340 liceat
459 3276 587 3341 omnino
599 3267 775 3343 Varronem
792 3279 836 3344 ad
850 3277 1068 3363 Theophrasti
1084 3278 1182 3343 libros
1199 3275 1355 3341 direxisse

182 3380 330 3466 Plinium,
355 3381 409 3463 qui
431 3382 504 3448 illos
527 3383 626 3450 libros
650 3391 747 3449 antea
762 3385 903 3450 nondum
921 3391 1117 3451 excusserat.
1153 3385 1267 3466 ltaque
1283 3402 1355 3447 cum

181 3490 245 3552 iam
268 3487 301 3551 in
325 3488 431 3553 animo
455 3489 589 3555 haberet
612 3476 744 3558 arbores
768 3492 953 3557 describere
977 3496 1009 3557 et
1031 3492 1065 3563 in
1088 3491 1150 3556 hac
1172 3511 1208 3555 re
1231 3489 1355 3553 initium

182 3616 203 3659 a
225 3595 358 3680 platano
390 3595 547 3681 cepisset,
572 3597 727 3664 Varronis
756 3598 847 3664 libris
879 3598 923 3664 ad
947 3596 1164 3683 Theophrasti
1187 3596 1218 3660 h.
1241 3597 1286 3681 pl.
1310 3597 1355 3660 IV

182 3700 228 3786 (h.
244 3701 292 3785 pl.
318 3702 372 3786 IV,
396 3702 428 3786 5,
445 3703 479 3786 6)
505 3701 621 3768 ductus
645 3723 717 3770 esse
740 3705 877 3789 videtur,
903 3725 997 3787 quem
1021 3711 1097 3788 tum,
1123 3723 1195 3768 cum
1219 3702 1356 3787 primum

182 3807 213 3874 h.
237 3829 267 3874 n.
292 3809 368 3893 XII,
394 3811 412 3874 7
423 3808 447 3881 ¹l
472 3807 683 3898 adhibuisset,
708 3811 922 3896 principalem
945 3812 1007 3877 sibi
1031 3810 1167 3896 sumpsit
1191 3816 1355 3875 auctorem

289 4041 311 4108 1)
332 4039 412 4097 Saue
430 4058 519 4097 nemo
539 4048 633 4113 neget
651 4034 860 4114 Theophrasto
881 4047 946 4115 ipso
965 4045 1100 4105 Plinium
1118 4060 1204 4098 usuro
1227 4059 1305 4112 esse,
1331 4044 1355 4098 sl

182 4129 350 4198 respexerit
370 4130 435 4184 eius
455 4133 636 4185 sententiam
656 4132 682 4184 h.
702 4149 730 4186 n.
747 4132 813 4201 XII,
833 4133 848 4185 1
870 4137 934 4201 ,aut
953 4133 1029 4188 alias
1048 4134 1191 4188 trusseia
1211 4133 1300 4187 ltalia
1320 4148 1356 4186 ac

181 4218 359 4272 nominatim
378 4218 525 4288 Hispania
545 4220 628 4290 apud
646 4225 786 4275 auctores
806 4221 979 4290 Invenitur‘‚
999 4237 1015 4275 e
1034 4221 1182 4291 Theophr.
1202 4222 1229 4274 h.
1249 4222 1287 4291 pl.
1305 4221 1354 4288 IV,

180 4306 207 4375 5,
221 4308 253 4360 6:
266 4308 410 4361 πλάτανον
421 4310 456 4360 ob
468 4323 556 4375 φασιν
567 4308 637 4361 εἶναι
646 4309 722 4376 πλὴν
736 4309 800 4375 περὶ
812 4312 847 4363 τὸ
862 4311 1026 4377 Διομήδους
1039 4311 1124 4377 ἱερὸν
1137 4310 1257 4364 σπανίαν
1270 4310 1356 4364 δὲκαὶ
1369 4301 1372 4308 ’
1451 4338 1453 4342 v

182 4396 213 4448 ἐν
222 4394 320 4464 Ἰταλίᾳ
333 4397 419 4464 πασῃ,
434 4398 516 4466 quod
528 4413 621 4452 sensu
633 4400 735 4468 inepto
749 4414 844 4468 prave
858 4402 989 4470 legerat:
1009 4399 1097 4466 φασὶν
1111 4399 1180 4453 εἶναι
1192 4398 1207 4450 ‘l
1216 4399 1355 4452 ouovlor

182 4485 215 4537 δὲ
234 4484 279 4538 καὶ
298 4486 328 4539 ἐν
346 4484 452 4554 Ἰταλίᾳ.
489 4485 587 4556 Saepe
607 4487 719 4541 similes
740 4503 857 4542 errores
876 4490 952 4542 falso
974 4489 1105 4559 legendo
1124 4489 1242 4543 Plinius
1261 4494 1356 4541 trans-

182 4574 262 4641 tulit,
280 4575 372 4631 liceat
392 4580 422 4631 et
442 4576 572 4632 alterum
591 4577 622 4632 iu
643 4582 839 4650 transgressu
858 4578 1005 4634 adnotare
1024 4578 1062 4633 de
1081 4594 1141 4650 quo
1155 4578 1254 4634 adhuc
1267 4593 1355 4632 nemo
