3409 5342
628 420 923 563 -uss

257 683 308 757 De
333 693 424 776 nigro
448 692 611 758 helleboro
636 693 713 759 dicit
737 695 982 780 Theophrastus
996 716 1023 760 c.
1043 697 1095 781 10,
1112 697 1132 761 3
1148 695 1221 761 libri
1237 672 1322 780 noni,

151 799 624 886 affinmmm
993 794 1003 801 ”
1263 828 1265 838 ,

151 923 265 1004 φύεται
301 925 378 989 δὲὁ
411 928 467 1002 μὲν
502 926 599 1003 μέλας
633 945 710 990 παν·
763 925 890 1009 nigrum
914 926 995 1010 (scil.
1012 926 1222 1011 helleborum)
1255 927 1321 991 ubi-

150 1036 256 1110 ταχοῦ·
282 1034 416 1110 καὶγὰρ
447 1032 481 1096 ἐν
513 1040 549 1116 τῇ
576 1035 710 1116 Βοιωτίᾳ
764 1052 827 1114 que
859 1035 1023 1118 provenit,
1054 1033 1112 1099 sed
1142 1034 1256 1099 melius
1287 1033 1320 1097 ln

153 1140 203 1202 καί
228 1138 262 1203 ἐν
286 1140 404 1222 Είιβοίᾳ
434 1142 484 1204 καί
515 1140 588 1219 παρ’
603 1140 710 1219 ἄλλοις
763 1139 928 1225 Helicone,
943 1140 997 1223 qui
1013 1161 1104 1206 mons
1120 1149 1152 1207 et
1164 1141 1237 1206 aliis
1253 1141 1321 1205 lau-

153 1247 304 1331 [πολλοίς
339 1246 471 1325 ἄριστος
495 1251 531 1312 δὲ
554 1248 572 1310 δ
596 1249 630 1311 ἐκ
653 1251 709 1311 τοῦ
765 1247 861 1314 datur
884 1247 1002 1314 herbis,

150 1353 336 1431 Ἑλικῶνος,
367 1356 418 1418 καὶ
446 1354 531 1432 ὅλως
560 1355 597 1418 τὸ
633 1353 711 1432 ὄρος

152 1459 382 1549 εὐφάρμακον].

258 1583 307 1648 Π*
323 1590 356 1649 et
371 1584 422 1649 Μ*
446 1586 595 1650 omittunt
618 1587 719 1651 verba
742 1585 783 1650 dc
799 1585 955 1651 Hehcoue
971 1593 1088 1673 monte,
1113 1606 1186 1651 cum
1206 1587 1321 1669 reliqui

152 1689 282 1756 codices
306 1692 506 1758 consentiant
528 1712 601 1757 cum
632 1692 734 1758 Plinio
759 1712 863 1775 caque
887 1692 1069 1759 exhibeant.
1116 1693 1165 1758 Ea
1188 1693 1264 1766 vero
1287 1693 1320 1757 in

153 1797 338 1863 recensione
362 1798 555 1881 reliquorum
579 1798 727 1864 codicum
745 1819 804 1885 per
819 1799 1098 1883 interpolationem
1113 1799 1234 1865 inserta
1250 1819 1322 1864 esse

153 1903 259 1969 elucet
289 1924 330 1968 ex
366 1905 397 1972 h.
421 1907 465 1990 pl.
494 1907 553 1990 IX,
580 1906 676 1990 15‚4
706 1912 771 1970 τῶν
801 1910 837 1970 δὲ
871 1908 941 1985 περὶ
975 1909 1034 1985 τήν
1055 1906 1191 1971 Ἑλλάδα
1214 1907 1330 2000 τόπων,

154 2013 471 2090 φαρμακωδέστατον
494 2015 530 2076 τὸ
553 2033 586 2076 τε
609 2011 731 2090 Πήλιον
754 2013 790 2076 τὸ
815 2013 849 2076 ἐν
864 2012 1018 2094 Θετταλίᾳ
1041 2014 1140 2077 καὶτὸ
1154 2012 1323 2091 Τελέθριον
1390 2020 1393 2023 “

153 2119 191 2181 τὸ
215 2116 249 2182 ἐν
274 2117 390 2201 Εὐβοίᾳ
414 2120 464 2182 καί
488 2120 507 2181 δ
529 2118 707 2198 Παρνασὸς
731 2120 774 2182 ἔτι
798 2122 835 2183 δὲ
859 2120 909 2181 καί
933 2119 952 2196 ἡ
976 2116 1124 2196 Ἀρκαδία
1148 2120 1198 2182 καί
1222 2118 1329 2197 ἡΛα-’

153 2225 278 2303 κωνική·
303 2225 353 2287 καί
375 2226 438 2303 γὰρ
461 2223 551 2288 αὗται
567 2225 795 2303 φαρμακώδεις
811 2222 996 2304 ἀμφότεροι.
1031 2221 1094 2288 Ubi
1111 2223 1143 2287 in
1160 2223 1221 2288 hac
1237 2225 1322 2290 serie
1385 2214 1388 2221 “

152 2331 190 2394 τὸ
213 2330 298 2408 ὅλως
327 2331 535 2410 είιφάρμακον
568 2331 667 2410 ὄροςΡ
714 2331 749 2396 Si
780 2331 851 2416 ipsc
883 2330 1127 2416 Theophrastus
1157 2332 1324 2416 paululum
1359 2380 1375 2399 „

152 2442 251 2500 antea
274 2435 315 2500 de
339 2435 400 2501 hoc
423 2444 530 2502 monte
553 2437 654 2503 verba
676 2437 817 2521 fecisset,
841 2437 911 2501 fieri
933 2458 996 2501 non
1018 2443 1156 2521 poterat,
1178 2444 1214 2502 ut
1237 2430 1322 2503 nunc

154 2541 325 2609 omitteret.
370 2544 491 2609 lterum
514 2544 557 2609 ad
580 2543 780 2610 Dioscoridis
803 2544 902 2609 libros
932 2563 1097 2611 recurrere
1121 2544 1234 2630 velim,
1268 2547 1323 2628 qui

153 2659 324 2734 postquam
347 2651 450 2736 primo
473 2652 545 2717 loco
568 2652 801 2736 Anticyranum
825 2650 1023 2716 helleborum
1051 2652 1322 2735 commemoravit,

154 2758 225 2842 (IV,
251 2758 327 2841 149)
351 2758 515 2842 subiungit
537 2762 588 2823 καί
610 2760 707 2838 γάρδ
731 2761 827 2837 μέλας
850 2759 901 2821 καί
926 2758 1093 2835 καλλιστος
1110 2759 1143 2822 ἐν
1160 2760 1238 2843 αὐτῇ
1254 2779 1322 2834 γεν-

152 2868 245 2929 νοῖται
270 2915 276 2927 .
302 2914 308 2927 .
333 2914 339 2927 .
366 2915 372 2928 .
396 2870 542 2942 τοιοῦτος
565 2868 601 2929 δέ
625 2867 712 2929 ἐστιν
736 2866 754 2928 δ
778 2866 813 2929 έν
835 2864 1036 2949 τῷἚλικῶνι
1060 2865 1110 2927 καὶ
1134 2865 1324 2949 Παρνασσῷ

154 2973 206 3035 καὶ
238 2969 313 3054 Οἴτῃ
347 2991 517 3050 φιιομενος·
552 2973 733 3051 διαφέρει
766 2972 898 3048 μέντοι
932 2968 950 3033 δ
982 2970 1215 3048 Ἑλικώνιος.
1262 2971 1325 3035 Ηίο

153 3097 283 3161 quoqne
315 3085 453 3164 apparet
482 3099 523 3143 cx
546 3079 634 3143 fonte
657 3077 858 3143 Dioscoridis
886 3077 1044 3143 invasisse
1073 3077 1105 3141 in
1137 3077 1323 3161 deteriores,

155 3205 237 3267 quos
253 3184 373 3270 dicunt,
393 3184 521 3251 codices
544 3193 685 3251 montem
708 3185 908 3251 Heliconem.
943 3184 1052 3251 Etiam
1075 3184 1181 3249 hicet
1204 3183 1327 3249 Plinius

154 3300 189 3359 et
220 3292 248 3357 is
280 3292 334 3374 qui
367 3292 554 3358 Heliconem
586 3301 726 3358 montem
759 3292 987 3377 Theophrasto
1020 3290 1154 3356 inseruit
1187 3290 1325 3355 cundem

155 3418 297 3465 errorem
320 3398 553 3467 commiserunt.
600 3398 808 3464 Dioscorides
839 3418 904 3463 una
934 3397 975 3462 de
998 3397 1142 3462 bonitate
1171 3396 1327 3462 hellebori

154 3507 273 3572 montis
296 3506 462 3573 Heliconis
484 3507 636 3588 loquitur.
682 3506 734 3570 Illi
758 3513 893 3588 uterque
916 3504 977 3570 hoc
1002 3503 1172 3590 adipsum
1188 3511 1328 3570 montem

155 3614 343 3678 Heliconem
366 3613 566 3679 transtulisse
583 3612 741 3698 videntur,
766 3633 824 3699 pro
842 3614 987 3692 διαφέρει
1003 3613 1109 3690 μέντοι
1125 3613 1144 3675 δ
1165 3612 1327 3689 ἑλικώνιος

155 3722 293 3787 fortasse
316 3722 463 3804 legerant
487 3723 630 3800 διαφέρει
655 3723 760 3800 μέντοι
785 3720 803 3783 δ
826 3721 958 3783 Ἑλικῶν
982 3720 1042 3796 ίοῑς
1064 3721 1117 3804 (=
1136 3717 1291 3801 venenis).

262 3828 464 3893 Describitur
487 3827 723 3913 hipposelinum
748 3849 768 3892 a
791 3827 1015 3912 Theophrasto
1040 3825 1071 3891 h.
1088 3825 1132 3910 pl.
1151 3826 1224 3907 Vll,
1248 3828 1280 3911 6,
1296 3826 1327 3908 3,

157 3937 200 4002 de
231 3957 294 4019 quo
325 3937 395 4002 loco
424 3938 488 4001 iam
521 3958 620 4021 snpra
653 3937 752 4001 locuti
785 3956 904 4002 sumus.
952 3936 1084 4000 Praesto
1118 3941 1168 3999 cst
1199 3940 1329 4019 practer

156 4045 238 4110 Plin.
247 4044 277 4110 h.
286 4066 317 4112 n.
326 4045 417 4128 XIX,
431 4046 494 4108 124
506 4046 621 4126 ecloga
633 4044 851 4129 Theophrasti
863 4044 896 4108 in
909 4042 1008 4109 schol.
1019 4041 1090 4110 Nic'.
1100 4040 1196 4106 Ther.
1205 4062 1235 4107 v.
1245 4042 1327 4107 596:

157 4189 305 4260 Theophr.
316 4190 344 4244 h.
355 4190 384 4260 pl
404 4188 468 4257 VII,
478 4186 531 4257 6‚3
568 4188 658 4242 schol.
678 4188 741 4243 Nic.
761 4187 850 4243 Ther.
869 4186 923 4242 596
967 4185 1042 4240 Plln.
1063 4186 1091 4240 h.
1109 4201 1138 4240 n.
1157 4183 1238 4253 XIX,
1258 4183 1319 4238 124.

157 4297 192 4350 τὸ
204 4295 411 4350 δ’ίπποσέλινον
419 4297 530 4362 φύλλον
560 4295 748 4362 Θεόφραστος
762 4296 793 4347 δέ
806 4294 879 4359 λέγει
896 4294 930 4346 τὸ
960 4334 967 4349 .
987 4335 993 4348 .
1013 4336 1019 4348 .
1041 4333 1046 4345 .
1069 4306 1175 4346 rursus
1194 4293 1225 4345 in
1245 4291 1331 4345 siccis

158 4387 208 4450 μὲν
222 4385 342 4451 ἐμφερές
355 4390 398 4453 τῷ
413 4386 530 4439 ἐλειοσε-
558 4383 753 4447 ἱπποσέλινον,
787 4384 802 4436 δ
831 4382 877 4436 καί
903 4383 932 4436 ἐν
960 4382 1196 4452 hipposelinum,
1240 4381 1332 4450 pluri·

157 4473 226 4541 λίνιρ
246 4514 358 4528 .....
378 4477 481 4541 φύεται
498 4475 530 4527 δέ
557 4476 617 4538 τοῖς
646 4474 804 4539 πετρώδεσι
834 4471 933 4535 τόποις
960 4472 1018 4525 bus
1040 4471 1134 4538 foliis,
1160 4470 1257 4524 simile
1283 4470 1332 4523 he·

158 4561 265 4628 δμοίως
283 4567 438 4628 πανταχοῦ.
558 4561 684 4627 γίνεσθαί
705 4575 785 4629 φησι.
961 4559 1106 4613 lioselino.

1244 4663 1261 4716 3
