3409 5342
1774 440 2168 508 —4-

798 635 1063 711 :videtur
1108 639 1488 706 sententiam
1542 640 1755 730 „quod
1784 691 1799 707 .
1829 692 1843 708 .
1873 692 1887 706 .
1921 692 1935 706 .
1985 641 2047 704 in
2082 638 2358 706 Graecia
2388 636 2756 723 geranion.“
2833 634 3141 706 Conferas

805 752 1018 812 tamen
1082 746 1279 812 verba
1337 746 1673 831 Athenaei,
1747 766 1914 828 quae
1982 745 2134 811 item
2200 746 2318 811 sub
2384 745 2817 830 Theophrasti
2885 745 3139 811 nomine

709 905 715 913 .
800 852 1198 937 praecedunt
1243 855 1328 938 ΙΙ,
1376 875 1440 938 p.
1489 855 1573 919 62
1622 873 1693 919 a:
1757 856 1829 918 τὸ
1884 852 2081 917 ὕδνον
2129 853 2192 936 (ὃ
2241 853 2506 916 καλοῦσί
2567 873 2729 930 τινες
2775 854 3131 942 γεράνειον)

804 961 904 1024 καὶ
952 959 1009 1024 εἴ
1051 982 1105 1024 τι
1154 959 1307 1025 ἄλλο
1354 962 1669 1037 ὑπόγειον.
1696 1011 1709 1024 .
1733 1011 1745 1024 .
1772 1011 1804 1036 .,
1855 980 2046 1043 quam
2095 958 2477 1025 sententiam
2526 966 2589 1024 et
2637 959 2892 1025 codices
2937 960 3138 1025 nostri

801 1066 1124 1152 exhibent,
1173 1067 1288 1134 sed
1336 1067 1529 1133 valde
1575 1068 1764 1132 aliter
1811 1068 2272 1132 eanformatam
2325 1068 2386 1141 h.
2435 1068 2522 1152 pl.
2570 1067 2621 1152 Ι,
2672 1068 2733 1151 6,
2782 1068 2844 1151 9,
2902 1070 3003 1131 καὶ
3061 1069 3135 1131 τὸ

798 1172 994 1238 ὕδνον
1042 1178 1114 1238 δὲ
1158 1177 1258 1239 καὶ
1306 1176 1343 1238 ὃ
1372 1177 1637 1239 καλοῦσί
1682 1196 1850 1252 τινες
1896 1174 2121 1253 ἀσχίον
2171 1176 2269 1238 καὶ
2317 1174 2574 1251 οὔϊγγον
2622 1177 2723 1238 καὶ
2760 1173 2817 1238 εἴ
2865 1196 2921 1238 τι
2979 1172 3132 1238 ἄλλο

797 1281 1181 1366 ύπόγειον’).
1273 1281 1455 1347 Haee
1507 1281 1702 1365 igitur
1749 1281 1937 1346 Plinii
2000 1281 2316 1346 sententia
2366 1282 2517 1346 item
2571 1281 2636 1346 in
2683 1280 3131 1366 Theophrasto

797 1394 954 1455 erat.
1047 1388 1275 1470 Neque
1322 1389 1508 1454 aliter
1566 1387 1840 1453 iudicari
1900 1389 2051 1453 lieet
2123 1387 2204 1452 de
2251 1389 2457 1453 altera
2527 1390 2754 1471 eeloga
2816 1387 3133 1453 Athenaei

792 1496 879 1586 ΙΙ,
929 1516 991 1579 p.
1042 1495 1147 1580 61,
1196 1515 1251 1580 e,
1302 1515 1470 1577 quae
1517 1501 1731 1559 exstat
1776 1496 1839 1558 in
1887 1494 2075 1559 Plinii
2124 1494 2184 1560 h.
2233 1516 2294 1561 n.
2343 1495 2524 1580 XIX,
2559 1495 2643 1560 38
2679 1495 2779 1578 (fr.
2817 1495 2941 1560 168
2985 1493 3118 1576 W.)

882 1671 1031 1738 Ath.
1081 1672 1224 1756 11p.
1275 1673 1380 1756 61,
1418 1692 1454 1736 e
1503 1672 1605 1755 (fr.
1658 1646 1836 1753 168).
2179 1673 2340 1740 Plin.
2392 1673 2452 1739 h.
2501 1695 2563 1739 n.
2613 1674 2794 1754 xlx,
2843 1677 2961 1743 38:

924 1797 1352 1877 Θεόφραστος
1400 1800 1472 1860 δὲ
1518 1798 1585 1861 ἐν
1630 1803 1720 1881 τῷ
1767 1799 1907 1875 περὶ

794 1909 1015 1984 φυτῶν
1048 1905 1334 1984 ἱστορίας
1371 1907 1619 1985 γράφει·
1643 1904 1907 1979 ὑπόγεια
2013 1911 2159 1970 sunt
2219 1911 2282 1968 et
2352 1904 2414 1969 in
2483 1904 2821 1988 fungorum
2885 1926 3125 1988 genere

792 2015 863 2075 δὲ
908 2013 985 2076 τὰ
1016 2013 1274 2076 τοιαῦτά
1321 2013 1454 2076 ἐστι
1500 2012 1600 2074 καὶ
1649 2012 1904 2085 ἐπίγεια,
2015 2010 2284 2077 Graecis
2315 2010 2469 2077 dieti
2511 2013 2793 2097 pezieae,
2843 2012 2949 2094 qui
2983 2015 3123 2079 sine

790 2120 1074 2198 καθάπερ
1092 2120 1204 2196 οὓς
1218 2120 1902 2195 καλοῦσίτινεςπὲζιας,
2011 2116 2231 2181 radiee
2266 2125 2376 2182 aut
2417 2118 2715 2202 pediculo
2749 2127 3119 2186 naseuntur.

791 2225 919 2303 ἅμα
977 2229 1111 2303 τοῖς
1176 2227 1404 2304 μύκησι
1469 2226 1900 2302 γιγνομένους.

787 2330 987 2410 ἄριζοι
1007 2334 1130 2411 γὰρ
1146 2335 1246 2396 καὶ
1264 2333 1442 2396 αὐτοὶ
1459 2332 1898 2410 τυγχάνουσιν.

785 2439 821 2502 ὁ
877 2443 947 2503 δὲ
1012 2440 1207 2518 μύκης
1274 2441 1395 2518 ἔχει
1468 2441 1902 2520 προςφύσεως

791 2546 987 2624 ἀρχήν
1032 2547 1144 2611 τὸν
1177 2551 1410 2612 καυλὸν
1443 2547 1532 2625 εἰς
1571 2553 1770 2626 μῆκος
1798 2548 1899 2611 καὶ

788 2652 1231 2718 ἀποτείνουσιν
1258 2655 1557 2719 ὑπἀὐτοῦ
1579 2655 1740 2733 ῥίζαι
1768 2705 1782 2718 .
1809 2706 1821 2719 .
1846 2706 1858 2718 .
1884 2706 1896 2718 .

783 2758 950 2845 (finis
975 2760 1334 2826 sententiae
1363 2761 1683 2826 Athenaei
1718 2762 1895 2845 apud

782 2865 1057 2931 Plinium
1104 2889 1229 2933 non
1279 2858 1541 2952 exstat).

992 3044 1250 3130 Optimo
1298 3045 1436 3110 iure
1483 3046 1818 3112 Kaibelius
1867 3045 1951 3110 ad
2000 3046 2317 3111 Athenaei
2363 3047 2563 3111 verba
2597 3045 3113 3131 Theophrastum

778 3161 1063 3218 nostrum
1136 3154 1405 3218 adnotat
1465 3174 1590 3218 non
1658 3153 2017 3221 consentire
2082 3173 2226 3217 eum
2285 3153 2602 3218 Athenaei
2664 3153 2897 3239 verbis,
2960 3153 3116 3234 quia

776 3259 883 3325 ille
930 3280 1049 3326 nee
1099 3261 1318 3326 eaules
1365 3281 1484 3325 nee
1531 3260 1787 3326 radices
1834 3260 2064 3343 fungos
2111 3260 2352 3325 habere
2413 3260 2603 3325 doeet
2653 3261 2760 3344 (ef.
2809 3261 2869 3327 h.
2917 3260 3005 3344 pl.
3058 3261 3114 3342 Ι,

780 3369 955 3451 1,11:
998 3367 1143 3431 οὔτε
1189 3368 1311 3446 γὰρ
1358 3368 1535 3446 ῥίζαν
1580 3368 1759 3432 πάντ’
1808 3369 1928 3446 ἕχει
1978 3367 2122 3431 οὔτε
2155 3369 2387 3431 καυλὸν
2440 3367 2584 3430 οὔτε
2619 3368 2934 3446 ἀκρεμὸνα
2964 3365 3114 3429 οὔτε

774 3475 1018 3553 φύλλον
1065 3473 1209 3537 οὔτε
1258 3473 1455 3550 ἄνθος
1501 3474 1647 3538 οὔτε
1693 3476 1936 3551 καρπὸν
1985 3473 2112 3536 οὔτ’
2146 3473 2226 3536 αὖ
2258 3474 2489 3553 φλοιὸν
2536 3475 2572 3550 ἢ
2608 3476 2850 3551 μήτραν
2897 3473 2934 3550 ἤ
2969 3467 3112 3548 ἶνας

773 3581 810 3658 ἢ
860 3581 1104 3659 φλέβας
1150 3578 1288 3644 οἷον
1336 3581 1550 3658 μύκης,
1599 3579 1847 3662 ὕδνον),
1895 3578 2212 3644 Athenaei
2258 3579 2473 3644 verbis
2520 3599 2672 3644 vero
2734 3586 2798 3645 et
2861 3579 3108 3643 caulem

778 3693 838 3750 et
883 3685 1169 3750 radicem
1215 3686 1451 3770 fungus
1498 3687 1738 3752 habere
1789 3687 2040 3753 dieitur.
2147 3687 2419 3769 Utrique
2472 3693 2687 3751 tamen
2747 3685 3104 3750 sententiae

774 3790 947 3877 apud
1040 3792 1441 3857 Athenaeum
1534 3793 1965 3878 Theophrasti
2056 3813 2285 3858 nomen
2386 3792 2665 3876 additur,
2770 3798 3107 3873 utramque

778 3898 1015 3964 Plinius
1064 3899 1344 3967 exhibet.

987 4007 1318 4072 Accedunt
1380 4015 1510 4073 tres
1576 4007 1745 4072 aliae
1813 4009 2077 4091 eelogae
2132 4008 2469 4092 Athenaei,
2539 4028 2705 4090 quae
2770 4007 2922 4071 item
2983 4005 3103 4070 sub

774 4115 1202 4199 Theophrasti
1268 4117 1517 4179 nomine
1583 4115 1992 4199 proferuntur
2058 4122 2121 4179 et
2190 4136 2411 4180 omnes
2482 4122 2612 4179 tres
2683 4112 2996 4197 incipiunt
3063 4131 3104 4174 a

986 4331 1027 4402 ¹)
1085 4330 1417 4385 seeundum
1456 4328 1757 4385 Athenaei
1813 4332 2000 4384 verba
2049 4331 2163 4384 viri
2213 4330 2375 4384 docti
2411 4328 2862 4400 Theophrastea
2912 4328 3104 4382 verba

770 4421 1089 4474 :amendare
1152 4419 1521 4474 studuerunt
1584 4423 1658 4473 ef.
1760 4417 2107 4473 Schneideri
2172 4419 2622 4473 adnotationem
2696 4421 2757 4471 in
2833 4418 3102 4471 editione

770 4510 1162 4580 Theophrasti
1204 4524 1449 4578 operum
1491 4510 1606 4564 vol.
1647 4509 1733 4561 III
1774 4527 1824 4578 p.
1866 4508 1950 4564 34.
