3409 5342
1709 498 2147 564 ...28-

757 702 861 760 tur
905 715 1022 760 nec
1071 696 1237 761 ullus
1275 715 1478 762 nexus
1524 716 1670 761 cum
1717 695 1951 778 verbis,
2001 714 2167 777 quae
2215 693 2613 780 praecedunt
2660 693 2794 758 erui
2843 699 3090 778 potest:

756 821 914 868 sane
957 808 1024 867 et
1083 801 1188 867 hic
1243 803 1444 868 verba
1502 803 1585 868 de
1644 802 1947 867 remediis
2008 801 2362 884 faciuntur3
2430 821 2557 866 non
2622 800 2707 865 ad
2769 801 3086 866 aconitum

758 928 932 992 vero,
1001 908 1117 974 sed
1184 908 1273 974 ad
1342 910 1757 995 ephemerum
1826 909 2120 994 pertinet,
2195 909 2368 992 quod
2439 907 2672 973 dicitnr
2738 908 2820 973 de
2888 907 3090 973 servis

757 1015 939 1081 iratis
1002 1035 1081 1080 ac
1145 1017 1313 1081 male
1384 1015 1468 1080 de
1526 1015 1814 1081 remedio
1873 1016 1976 1080 vel
2043 1015 2418 1101 ephemerO,
2503 1015 2678 1097 quod
2755 1015 3090 1097 seiungere

758 1142 883 1187 non
928 1142 1303 1208 possumus:
1367 1126 1469 1188 καὶ
1529 1127 1721 1188 τοῦτο
1779 1123 2023 1201 πάντας
2088 1123 2340 1188 εἰδέναι.
2435 1123 2651 1200 Quare
2710 1123 2971 1188 turbata
3029 1131 3091 1184 et

760 1235 1064 1314 corrupta
1108 1230 1496 1312 reliquorum
1543 1228 1843 1294 codicum
1890 1228 2144 1295 videtur
2189 1228 2401 1314 lecti0,
2466 1249 2721 1295 sensum
2781 1229 3091 1315 praebere

759 1336 878 1402 11³⁸.
985 1337 1182 1402 Porro
1245 1345 1310 1402 et
1368 1355 1634 1402 mancus
1695 1356 1906 1402 sermo
1972 1337 2308 1402 deterioris
2369 1335 2761 1402 recensionis
2821 1335 3090 1421 videtur,

760 1443 1055 1525 quoniam
1106 1443 1359 1509 omniuo
1406 1443 1564 1508 folia
1610 1450 1675 1509 et
1721 1443 1978 1509 radices
2040 1443 2404 1510 describere
2465 1443 2718 1528 omittit,
2777 1441 2949 1525 quod
2996 1442 3090 1507 U*

759 1550 823 1614 in
870 1550 1049 1615 initio
1097 1550 1519 1635 expositionis
1565 1551 1737 1617 fecit.
1831 1550 2020 1629 Quod
2071 1550 2351 1616 diximus
2398 1551 2723 1634 glossema
2769 1570 2912 1615 6886
2953 1549 3090 1614 (168-

760 1655 1138 1741 criptionem
1187 1657 1513 1742 ephemeri
1560 1656 1797 1742 probes
1843 1657 2120 1722 fortasse
2167 1656 2221 1724 si
2278 1657 2441 1721 haec
2487 1657 2793 1741 respicis3
2842 1656 3093 1721 dixerat

761 1763 1249 1849 Theophrastus
1295 1763 1649 1829 secundum
1710 1764 2152 1830 recensionem
2213 1763 2629 1830 deteriorem:
2695 1771 2767 1829 ut
2828 1764 3093 1846 quisque

760 1869 1297 1934 medicamentum
1346 1871 1724 1957 composuit,
1772 1870 1865 1936 ita
1913 1871 2105 1936 etiam
2155 1871 2421 1936 effectus
2470 1871 2608 1937 eius
2655 1871 2725 1936 fit
2782 1872 2846 1935 in
2905 1869 3093 1934 certis

760 1977 1067 2061 temporis
1113 1977 1341 2062 spatiis
1389 1977 1489 2042 vel
1538 1985 1684 2062 post
1732 1976 1859 2041 duo
1909 1997 2160 2042 menses
2215 1976 2316 2042 vel
2364 1983 2495 2041 tres
2540 1976 2643 2041 vel
2695 1996 2840 2060 8611,
2902 1976 3093 2041 etiam

760 2091 907 2168 post
954 2085 1103 2148 anni
1148 2090 1261 2149 aut
1307 2083 1544 2149 biennii
1590 2083 2016 2149 intervallum.
2076 2085 2354 2169 pessime
2413 2083 2556 2149 illos
2604 2082 2939 2166 decedere,
2988 2081 3094 2164 qui

762 2194 909 2272 post
954 2188 1396 2272 longissimum
1443 2195 1695 2275 tempus
1743 2196 2164 2254 necenturcor
2200 2209 2358 2275 pore
2389 2189 2729 2275 paullatim
2764 2189 3094 2254 contabes-

764 2302 986 2378 cente3
1033 2296 1338 2361 facillime
1385 2297 1494 2378 qui
1542 2296 1881 2361 confestim
1928 2297 2186 2363 obeant.
2288 2298 2518 2379 Neque
2579 2297 2949 2381 accepimus
3004 2295 3095 2359 in-

763 2409 1022 2468 ventum
1072 2421 1214 2468 esse
1260 2401 1613 2467 remedium
1660 2409 1888 2468 contra
1933 2403 2072 2468 eius
2117 2402 2267 2469 vim.
2362 2403 2602 2467 Contra
2646 2400 2806 2467 illud
2861 2408 3095 2484 autem,

766 2508 940 2592 quod
987 2528 1112 2573 uno
1160 2507 1515 2591 eodemque
1563 2508 1669 2573 die
1716 2509 2022 2574 interimit
2066 2511 2422 2595 (ἐφημέρου
2476 2509 2518 2575 1.
2547 2528 2602 2575 6.
2638 2509 2932 2574 ἀκονίτου
2983 2512 3094 2573 τοῦ

763 2621 1146 2695 παραχρῆμα
1194 2615 1752 2699 ἀπαλλάττοντος),
1803 2622 2027 2681 extare
2074 2616 2448 2682 remedium.
2509 2617 2674 2680 Tum
2709 2621 2885 2680 recte
2914 2613 3095 2696 sequi

763 2716 1008 2809 potest:
1060 2725 1340 2802 βοήθειαι
1390 2726 1462 2787 δὲ
1507 2727 1641 2800 τοῖς
1688 2724 2127 2801 ἐνεγκαμένοις
2170 2723 2352 2797 εἰσίν,
2401 2742 2557 2788 sane
2603 2720 2957 2787 remedium
3002 2719 3094 2785 eis

764 2830 967 2896 solum
1015 2828 1322 2914 prodesse
1369 2836 1603 2913 potest,
1654 2829 1764 2911 qui
1811 2828 2039 2894 eodem
2087 2835 2405 2893 momento
2452 2828 2522 2893 id
2569 2848 2782 2894 secum
2819 2833 3095 2912 portant,

764 2957 913 3001 nam
959 2955 1273 3001 venenum
1322 2935 1550 3000 eodem
1597 2935 1704 3000 die
1752 2935 2077 3002 interimit.
2171 2936 2340 3000 Male
2388 2935 2705 3001 intellexit
2762 2934 2931 2999 hanc
2990 2954 3094 2998 ex-

766 3042 1145 3128 positionem
1191 3048 1515 3107 corrector
1563 3042 1846 3126 quidam,
1898 3042 2007 3124 qui
2053 3042 2114 3106 in
2178 3042 2499 3114 sententia
2558 3043 2716 3107 ἀλλὰ
2772 3045 2888 3105 τοῦ
2948 3041 3097 3120 ἐφη-

770 3151 961 3229 μὲρον
1015 3151 1089 3214 τὸ
1146 3151 1487 3228 φάρμακον
1546 3149 1855 3227 εὑρῆσθαι
1916 3149 2288 3215 sollemnem
2349 3149 2638 3233 plantam
2703 3150 3024 3228 ἐφήμερον
3051 3147 3096 3230 ¹)

770 3255 1010 3321 dictam
1043 3254 1370 3338 designari
1402 3255 1676 3339 putabat
1709 3256 1927 3338 itaque
1952 3255 2207 3320 addidit
2233 3254 2729 3340 descriptionem
2755 3253 3096 3339 ephemeri.

770 3363 1074 3429 Conferre
1119 3363 1313 3428 liceat
1360 3360 1856 3447 descriptionem
1903 3361 2229 3447 ephemeri
2272 3382 2416 3426 cum
2449 3361 2881 3446 Theophrasti
2915 3364 3097 3424 τοῦτο

770 3473 840 3534 δὲ
886 3470 1132 3549 φύλλον
1157 3470 1319 3549 ἔχειν
1366 3468 1590 3546 ὅμοιον
1636 3476 1726 3553 τῷ
1775 3471 1987 3552 λειρίῳ
2050 3501 2131 3524 =
2180 3468 2400 3533 Diosc.
2448 3469 2560 3552 IV,
2625 3469 2711 3533 85
2758 3469 3096 3547 ἐφήμερον,

770 3576 826 3640 οἱ
875 3579 947 3640 δὲ
992 3570 1114 3654 ἶριν
1162 3576 1406 3654 ἀγρίαν,
1456 3577 1667 3654 φύλλα
1715 3577 1815 3639 καὶ
1862 3577 2097 3640 καυλὸν
2146 3577 2267 3654 ἔχει
2331 3574 2520 3652 ὅμοια
2580 3575 2773 3657 κρίνῳ
2813 3605 2884 3632 =
2936 3571 3097 3638 Plin.

770 3682 829 3748 h.
878 3702 940 3748 n.
988 3682 1196 3763 XXV,
1250 3683 1407 3748 170:
1457 3680 1845 3766 ephemeron
1888 3681 2045 3747 folia
2090 3681 2286 3746 habet
2331 3681 2466 3747 lilii.
2569 3681 2718 3765 Ipse
2761 3684 3098 3758 corrector,

770 3789 1007 3871 loquax
1038 3807 1195 3853 sane
1222 3788 1511 3854 medicus
1549 3794 1588 3872 ξ
1620 3790 1662 3854 5
1693 3795 1790 3853 tot
1821 3789 2022 3853 verba
2054 3787 2136 3852 de
2169 3788 2422 3873 effectu,
2471 3787 2797 3872 superflua
2828 3785 3099 3868 addidit,

774 3894 939 3959 idem
988 3901 1028 3978 ξ
1079 3895 1114 3961 7
1165 3895 1579 3980 sententiam,
1648 3915 1816 3978 quae
1876 3895 2066 3962 codd.
2115 3896 2296 3960 UMP
2356 3895 2664 3961 traditur:
2726 3894 2880 3958 οὐδὲ
2938 3913 3101 3956 κεκτ-

770 4007 964 4080 ῆσθαι
1005 4004 1076 4065 δὲ
1122 4002 1347 4068 ἐξεῖναι
1396 4002 1554 4066 ἀλλὰ
1601 4003 1880 4067 θάνατον
1926 4006 2040 4080 τὴν
2087 4004 2312 4082 ζημίαν
2360 4022 2476 4092 sq„
2537 4001 2619 4066 de
2680 4000 2912 4083 quibus
2975 4000 3103 4064 iam

770 4106 1202 4174 Schneiderus
1249 4108 1398 4175 adn.
1447 4131 1510 4194 p.
1560 4110 1689 4175 809
1747 4109 2113 4193 suspicatur
2174 4109 2397 4173 vitium
2458 4108 2719 4190 aliquod
2779 4108 2981 4172 latere
3038 4105 3105 4170 in

770 4214 1089 4300 scriptura
1134 4215 1408 4299 vulgari.
1501 4216 1786 4280 Herbam
1832 4216 2002 4280 enim
2048 4216 2256 4301 ipsam
2304 4222 2415 4280 aut
2454 4216 2738 4281 radicem
2771 4212 3106 4299 possidere

982 4468 1028 4534 1)
1068 4467 1147 4520 ad
1185 4468 1641 4537 ethymologiam
1680 4469 1748 4521 cf.
1788 4467 1963 4523 schol.
2002 4465 2128 4522 Nic.
2168 4466 2262 4524 Al.
2300 4483 2354 4522 v.
2394 4466 2499 4520 249
2547 4466 2853 4533 ἐφήμερον,
2907 4466 2993 4518 ὅτι
3049 4465 3111 4519 ἐν

770 4557 914 4624 αὐτῇ
953 4561 1024 4626 τῇ
1065 4557 1246 4625 ἡμέρᾳ
1283 4557 1318 4625 ᾗ
1358 4560 1513 4626 ποθῇ
1553 4557 1782 4623 ἀναιρεῖ.
