3409 5342
663 497 883 572 ..29-

188 711 221 769 et
244 702 364 768 habere
388 700 475 766 dorni
499 701 667 783 quominus
698 701 826 786 liceret,
861 702 939 786 quid
963 723 1043 788 opus
1074 709 1143 768 erat
1172 702 1255 787 lege,
1285 719 1358 769 curn

184 809 283 874 facile
307 808 426 890 ubique
448 808 480 872 in
504 809 641 893 petrosis
664 817 742 875 nata
764 810 900 894 reperiri
922 809 1048 896 possit?

296 916 481 981 Proximum
505 923 555 982 est
578 917 773 1001 perquirere,
799 917 904 999 qualis
928 917 969 984 sit
985 917 1079 982 Plinii
1104 917 1296 1002 descriptio:
1320 937 1360 983 ea

189 1030 323 1109 tautum,
349 1041 528 1106 quaecum
553 1023 778 1109 Theophrasto
807 1044 986 1108 congruere
1010 1025 1168 1110 videntur,
1195 1045 1359 1090 enumera-

189 1130 303 1197 verim:
328 1130 359 1195 b.
376 1151 406 1194 n.
425 1131 563 1215 XXVII,
588 1133 610 1195 4
633 1139 771 1213 ,constat
795 1131 935 1196 omniurn
960 1151 1152 1196 venenorum
1176 1131 1359 1197 ocissimum

190 1258 262 1304 esse
285 1239 448 1303 aconitum
473 1286 613 1306 .....
639 1245 658 1321 ξ
685 1240 726 1303 10
749 1238 891 1303 nascitur
921 1239 954 1303 in
977 1238 1073 1304 nudis
1096 1238 1254 1323 cautibus,
1279 1259 1360 1320 quas

189 1364 310 1409 aconas
333 1344 498 1409 nominant
522 1353 554 1409 et
577 1344 650 1408 ideo
675 1344 774 1426 aliqui
799 1345 960 1410 aconitum
977 1344 1089 1411 dixere
1103 1394 1199 1412 .....
1203 1351 1222 1429 ‘,
1244 1345 1360 1427 quibus

191 1451 298 1517 verbis
331 1451 421 1516 brevi
453 1452 657 1535 colliguntur,
688 1471 772 1534 quae
803 1451 845 1518 de
875 1452 1003 1518 nornine
1033 1452 1153 1518 aconiti
1186 1452 1268 1517 dixit
1300 1453 1359 1518 U*.

190 1559 422 1623 Difficultatem
445 1567 513 1624 tum
537 1566 569 1624 et
593 1559 688 1624 Plinii
710 1560 811 1625 verba
827 1559 990 1644 exhibent,
1015 1559 1070 1642 qui
1087 1559 1117 1624 b.
1132 1581 1163 1627 n.
1180 1560 1318 1643 XXVII,
1339 1560 1360 1626 9

188 1669 237 1734 sic
261 1668 413 1736 describit
437 1669 615 1735 aconitum:
647 1669 707 1752 ,fas
731 1689 809 1752 ergo
841 1669 934 1735 nobis
965 1669 1025 1734 erit
1050 1721 1057 1736 .
1083 1721 1090 1736 .
1117 1721 1124 1736 .
1150 1720 1157 1736 .
1182 1675 1359 1734 monstrare

189 1776 285 1857 quale
309 1776 350 1842 sit
373 1776 536 1842 aconitum
561 1824 568 1840 .
594 1827 601 1842 .
628 1827 635 1842 .
661 1827 668 1842 .
692 1775 771 1841 folia
794 1776 892 1840 habet
912 1776 1082 1860 cyclamini
1099 1783 1155 1841 aut
1172 1776 1359 1859 cucumeris,

189 1901 252 1945 non
276 1882 370 1966 plura
393 1882 470 1966 IIII,
501 1882 543 1947 ab
567 1881 678 1946 radice
705 1881 819 1947 leniter
851 1881 984 1965 hirsuta,
1016 1882 1158 1946 radicem
1189 1880 1359 1965 modicam,

189 2008 351 2054 cammaro
375 1988 510 2056 similem
540 1989 676 2069 marino,
708 2008 809 2070 quare
840 1987 973 2070 quidam
1003 2008 1186 2053 commaron
1215 1987 1359 2072 appella·

189 2113 276 2177 vere,
301 2093 355 2158 alii
380 2094 609 2179 thelyphonon,
641 2114 681 2158 ex
710 2113 774 2176 qua
804 2094 944 2160 diximus
976 2113 1075 2158 causa
1104 2093 1211 2158 cauda
1240 2092 1360 2159 radicis

109 2213 114 2221 ·
189 2202 375 2265 incurvatur
398 2201 562 2285 paululum
580 2200 781 2285 scorpionum
798 2199 904 2283 modo,
930 2219 1030 2282 quare
1046 2206 1078 2264 et
1094 2200 1194 2281 aliqui
1210 2198 1359 2283 scorpion

190 2312 370 2372 vocavere!
417 2308 531 2374 Nonne
555 2307 677 2371 Plinius
699 2306 786 2371 idem
809 2306 910 2371 fuisse
939 2305 1100 2371 aconitum
1130 2294 1227 2387 atque
1257 2304 1360 2389 thely-

189 2413 319 2500 phonon
343 2412 513 2479 declarat?
538 2412 689 2494 quoniam
702 2411 952 2496 descriptionem
969 2412 1088 2477 aconiti
1104 2411 1246 2496 exhibet,
1263 2431 1360 2494 quarn

189 2520 220 2586 h.
246 2519 289 2604 pl.
314 2519 372 2604 IX,
399 2521 450 2602 18,
474 2521 495 2582 ‘2
519 2519 762 2604 Theophrastus
788 2517 828 2581 dc
852 2518 1050 2603 thelyphono
1085 2518 1198 2584 habet:
1232 2519 1293 2596 ἔχει
1324 2520 1360 2582 οὲ

189 2629 225 2689 τὸ
250 2630 307 2704 μὲν
330 2627 453 2705 φύλλον
476 2625 589 2702 ὅμοιον
617 2626 803 2708 κυκλαμίνῳ,
834 2628 891 2703 τήν
923 2628 958 2688 δὲ
989 2625 1077 2703 ῥίζαν
1108 2626 1218 2703 ὥσπερ
1249 2626 1357 2703 ἐλέχθη

190 2735 334 2816 σκορπίῳ
347 2781 478 2799 ......
503 2739 535 2797 et
559 2739 660 2796 totum
689 2731 878 2816 tlrelyphoni
905 2731 1054 2797 effectum
1079 2731 1200 2797 Plinius
1231 2731 1359 2797 aconito

189 2839 300 2902 tribuit
331 2839 362 2905 h.
392 2859 423 2904 n.
448 2839 587 2922 XXVII,
618 2841 655 2905 d:
682 2846 879 2923 ,torpescunt
906 2838 1093 2923 scorpiones
1122 2837 1240 2903 aconiti
1270 2845 1359 2902 tactu

190 2952 383 3030 stupentque
407 2946 567 3031 pallentes
591 2952 624 3009 et
646 2946 731 3010 vinei
748 2965 783 3010 se
803 2946 1002 3011 confitentur.
1020 2944 1194 3010 auxiliatur
1209 2945 1249 3010 iis
1263 2945 1360 3008 belle-

192 3053 302 3117 borum
327 3053 436 3117 album
460 3060 548 3117 tactu
571 3054 752 3118 resolvente
777 3104 783 3118 .
810 3102 816 3115 .
843 3104 861 3135 .,
887 3052 973 3134 quod
998 3051 1038 3116 de
1062 3051 1259 3136 thelyphono
1284 3051 1361 3116 dicit

192 3159 435 3244 Theophrastus
458 3161 480 3225 l.
505 3160 543 3226 l.:
561 3160 765 3238 ἐπιξυόμενον
789 3161 963 3223 ἀποκτείνει
986 3161 1042 3223 τὸν
1066 3161 1221 3237 σκορπίον
1245 3160 1300 3223 ἐὰν
1324 3161 1360 3222 δέ

189 3288 238 3345 τις
261 3268 429 3346 ἐλλέβορον
453 3267 564 3329 λευκὸν
589 3267 756 3350 καταπάσῃ
780 3267 874 3330 πάλιν
907 3267 1099 3330 ἀνίστασθαί
1132 3281 1235 3345 φασιν
1255 3316 1360 3329 .....

190 3373 301 3439 Sedet
314 3372 436 3437 Plinius
451 3371 535 3436 hane
552 3372 787 3437 enarrationem
802 3373 843 3437 ad
859 3370 1079 3457 thelyphonon
1091 3372 1122 3438 lr.
1136 3393 1166 3438 n.
1180 3372 1284 3455 XXV,
1298 3374 1360 3436 122

190 3480 375 3547 adnotavit:
400 3478 630 3564 ,thelyphonon
654 3479 754 3544 herba
770 3480 812 3544 ab
827 3479 900 3544 aliis
916 3480 1064 3564 scorpion
1081 3486 1214 3544 vocatur
1230 3486 1361 3564 propter

191 3586 431 3654 similitudinem
455 3585 573 3651 radicis
597 3586 688 3651 euius
711 3593 800 3651 tactu
824 3587 1002 3652 moriuntur
1024 3586 1220 3671 scorpiones,
1250 3587 1360 3668 itaque

190 3702 303 3760 contra
327 3715 436 3759 eorum
459 3693 542 3758 ictus
567 3693 696 3759 bibitur.
721 3695 922 3778 scorpionem
945 3700 1103 3758 mortuum
1127 3694 1154 3759 si
1177 3693 1247 3776 quis
1265 3692 1360 3756 belle-

190 3803 268 3867 boro
309 3800 448 3866 candido
488 3801 576 3884 linat,
620 3801 810 3866 reviviscere
843 3801 943 3866 aiunt.
977 3800 1197 3885 thelyphonon
1235 3819 1360 3864 omnem

190 3908 423 3992 quadripedem
458 3915 553 3972 necat
588 3908 739 3992 imposita
773 3908 923 3973 verendis
960 3908 1081 3992 radice,
1116 3907 1192 3973 folio
1230 3907 1360 3989 quidem

188 4016 273 4080 intra
297 4015 433 4079 eundem
457 4015 552 4098 diem,
578 4014 663 4097 quod
681 4022 729 4080 est
746 4015 848 4079 simile
865 4016 1045 4099 cyclamino
1060 4015 1133 4100 ipsa
1154 4014 1358 4098 geniculata‘

187 4123 323 4187 Duobus
346 4121 444 4205 igitur
467 4121 562 4185 Plinii
585 4121 665 4186 locis
689 4121 804 4186 eadem
834 4122 878 4186 ad
908 4121 1042 4187 verbum
1072 4122 1139 4186 lere
1170 4121 1357 4189 invenimus.

188 4229 362 4294 Evurrcscit
392 4228 574 4310 difficultas,
607 4228 734 4292 simodo
756 4228 856 4293 verba
878 4228 1079 4294 Dioscuridis
1107 4229 1163 4311 IV,
1190 4229 1229 4293 ”ll
1253 4227 1360 4293 conse-

189 4356 314 4402 ramus:
338 4335 492 4399 Ἀκόνιτον
517 4339 547 4397 οἱ
565 4339 599 4398 δὲ
615 4337 858 4413 παρδαλιαγχὲς,
880 4336 909 4400 οἱ
932 4340 968 4401 δὲ
982 4337 1155 4414 κόμμαρον,
1178 4335 1210 4398 οἱ
1234 4339 1269 4399 δὲ
1287 4356 1360 4413 pruo—

189 4443 317 4518 urdvov,
342 4443 372 4506 oi
397 4446 433 4506 δὲ
448 4443 642 4521 θηλὺφσνον.
672 4442 779 4506 Φύλλα
804 4443 865 4520 ἔχει
889 4445 959 4520 τρία
975 4445 994 4521 ἢ
1010 4446 1165 4521 τέσσαρα,
1182 4442 1359 4526 κυκλαμίνῳ

190 4552 209 4627 ἢ
235 4552 337 4634 σικύῳ
361 4549 465 4626 ὅμοια,
497 4549 665 4627 μικρότερα
688 4551 725 4614 δὲ
755 4551 804 4611 καὶ
829 4549 1019 4627 ὑποτραχεία
1044 4600 1050 4612 .
1076 4598 1082 4612 .
1108 4599 1114 4612 .
1140 4599 1146 4612 .
1172 4549 1241 4627 ῥίζα
1265 4550 1359 4626 ὁμοία
