3409 5342
1684 492 2117 558 ..26-

1954 688 2021 752 ἑν
2092 687 2454 770 μελικράτῳ·
2520 685 2930 749 συντίθεσθαι

1955 797 2027 859 δὲ
2073 794 2244 858 ὥστε
2290 793 2448 856 κατὰ
2491 792 2764 871 χρόνους
2793 812 2932 856 τακ-

1952 901 2104 977 τοὺς
2150 898 2448 976 ἀναιρεῖν,
2495 896 2636 962 οἷον
2669 899 2932 977 δίμηνον

1953 1007 2254 1085 τρίμηνον
2287 1006 2599 1083 ἑξάμηνον
2624 1005 2928 1080 ἐνιαυτόν,

1953 1116 2105 1192 τοὺς
2142 1114 2339 1202 δὲκαὶ
2365 1113 2483 1176 δύο
2509 1113 2631 1192 ἔτη
2651 1113 2931 1192 χείριστα

1955 1224 2027 1285 δὲ
2118 1219 2530 1283 ἀπαλλάττειν
2620 1221 2771 1296 τοὺς
2864 1218 2931 1282 ἐν

1952 1328 2230 1411 πλείστῳ
2263 1328 2474 1410 χρόνῳ
2514 1327 2931 1406 καταφθίνον-

1951 1456 2064 1513 τος
2109 1438 2223 1499 τοῦ
2253 1435 2573 1512 σώματος.
2622 1433 2829 1516 ῥᾷστα
2862 1435 2932 1496 δὲ

1949 1546 2100 1621 τοὺς
2129 1548 2529 1622 παραχρῆμα.
2580 1540 2828 1604 λυτικὸν
2859 1541 2929 1602 δὲ

1950 1651 2292 1732 φάρμακον
2334 1649 2450 1729 οὒχ
2480 1649 2787 1727 εὑρῆσθαι
2827 1666 2929 1709 κα-

1953 1759 2154 1837 θάπερ
2213 1757 2527 1834 ἀκούομεν
2596 1754 2813 1832 ἕτερόν
2874 1773 2927 1816 τι

1949 1867 2294 1946 φυόμενον.
2343 1863 2501 1927 ἀλλὰ
2546 1864 2696 1937 τοὺς
2742 1863 2930 1939 ἐγχω-

1953 1974 2131 2051 ρίους
2155 1971 2512 2036 ἀνασώζειν
2536 1969 2712 2045 τινὰς
2738 1968 2926 2046 μὲλιτι

1949 2080 2050 2142 καὶ
2098 2077 2252 2162 οἴνῳ
2286 2079 2387 2141 καὶ
2436 2076 2748 2152 τοιούτοις
2783 2075 2925 2148 τισί,

1949 2189 2239 2264 σπανίως
2286 2190 2358 2250 δὲ
2402 2187 2504 2249 καὶ
2534 2181 2801 2258 τούτους
2827 2180 2927 2243 καὶ

1950 2295 2270 2372 ἐργωδῶς.
2292 2293 2452 2357 ἀλλὰ
2470 2295 2584 2356 τοῦ
2604 2288 2929 2369 ἐφημέρου
2954 2291 2995 2369 ξ
3021 2286 3064 2350 6

1949 2401 2022 2463 τὸ
2048 2386 2390 2478 φάρμακον
2416 2397 2744 2475 εὑρῆσθαι.
2781 2394 2927 2480 [ἕτε-

1951 2526 2066 2583 ρον
2124 2505 2248 2582 γάρ
2307 2526 2362 2567 τι
2424 2504 2621 2583 ῥίζιον
2680 2497 2836 2568 εἶναι
2897 2500 2934 2563 ὃ

1950 2611 2275 2690 ἐφήμερον
2301 2610 2690 2674 ἀπαλλάττει·
2738 2610 2925 2672 τοῦτο

1951 2721 2022 2781 δὲ
2068 2717 2313 2796 φύλλον
2360 2715 2584 2795 ὅμοιον
2630 2717 2791 2795 ἐχειν
2835 2720 2924 2797 τῷ

1257 2823 1540 2899 βοήθειαι
1587 2824 1660 2884 δὲ
1705 2824 1839 2902 τοῖς
1948 2825 2260 2907 ἐλλεβόρῳ
2307 2824 2345 2900 ἢ
2394 2829 2483 2907 τῷ
2518 2822 2789 2908 αἰρίῳ“)]
2825 2822 2925 2884 καὶ

726 2928 1160 3004 ἑνεγκαμὲνοις
1207 2927 1345 2991 εἰσί·
1392 2929 1693 3007 πολλάκις
1717 2931 1838 3010 γάρ
1944 2934 2135 2995 τοῦτο
2180 2929 2423 3007 πάντας
2479 2930 2731 2994 εἰδέναι.
2789 2925 2925 2991 δι’ὅ

726 3048 886 3108 φασι
938 3036 1014 3096 τὰ
1062 3034 1438 3112 ἀνδράποδα
1487 3053 1836 3115 παροργισ-
1946 3040 2149 3103 καὶτὰ
2180 3037 2558 3116 ἀνδράποδά
2587 3051 2753 3116 φασι
2777 3036 2925 3097 πολ-

726 3140 910 3200 θέντα
946 3144 1214 3218 χρῆσθαι
1245 3140 1504 3205 κᾶπειτα
1532 3141 1837 3221 ἰατρεύειν
1945 3147 2121 3223 λάκις
2164 3145 2678 3223 παροργισθὲντα
2731 3145 2922 3221 χρῆσ-

722 3248 910 3316 amri]
994 3247 1090 3312 mi
1173 3248 1297 3325 γὰρ
1363 3252 1516 3313 οὐδὲ
1582 3254 1836 3328 ταχεῖαν
1944 3259 2068 3317 θαι.
2118 3251 2376 3316 κᾶπειτα
2426 3251 2733 3329 ἰατρεύειν
2765 3247 2924 3311 αὐτὰ

722 3360 1038 3416 ποιεῖσθαι
1088 3357 1201 3432 τὴν
1250 3355 1620 3435 ἀπαλλαγὴν
1681 3357 1835 3422 οὐδὲ
1942 3361 2105 3438 πρὸς
2135 3363 2323 3423 τοῦτο
2356 3359 2654 3437 ὁρμῶντα
2676 3357 2776 3420 καὶ
2801 3354 2923 3431 γὰρ

722 3464 1010 3540 ὲλαφρίιν
1058 3462 1218 3526 ἀλλὰ
1248 3466 1521 3542 δυσχερῆ
1557 3465 1658 3527 καὶ
1691 3464 1834 3542 χρό-
1943 3470 2096 3531 οὐδὲ
2141 3470 2395 3546 ταχεῖαν
2440 3468 2762 3529 ποιεῖσθαι
2809 3463 2923 3540 τὴν

722 3572 870 3632 *amas
950 3572 1002 3632 εἰ
1072 3572 1152 3648 μή
1232 3568 1356 3647 ἄρα
1434 3572 1539 3634 διὰ
1585 3571 1658 3634 τὸ
1717 3569 1834 3657 [ἀ]-
1945 3575 2314 3652 ἀπαλλαγὴν
2405 3573 2559 3637 οὐδὲ
2635 3568 2923 3648 ἐλαφρὰν

722 3680 1109 3752 &asnia-mov
1156 3671 1314 3741 εἶναι
1375 3678 1475 3740 καὶ
1526 3676 1832 3763 [ἀ]-κατα-
1898 3680 2103 3745 ’ἀλλὰ
2168 3685 2443 3760 δυσχερῆ
2507 3681 2608 3742 καὶ
2668 3677 2924 3757 χρόνιον

722 3784 1077 3846 [mmmmm
1111 3783 1202 3860 ὡς
1235 3788 1329 3848 δεῖ
1345 3785 1414 3868 ’).
1464 3786 1630 3865 φασὶ
1675 3790 1834 3860 γοῦν
1943 3788 2099 3867 εἰμὴ
2141 3786 2266 3865 ἄρα
2299 3789 2404 3851 διὰ
2440 3788 2513 3850 τὸ
2547 3786 2923 3864 εὐθεράπευ-

722 3896 814 3952 mi
886 3896 1266 3971 παραχρῆμα
1322 3892 1830 3957 ἀπαλλάττεσθαι
1941 3917 2053 3960 τον
2069 3890 2226 3959 εἶναι
2243 3896 2344 3959 καὶ
2361 3894 2923 3958 ἀκατασκεύαστον

722 4004 814 4060 καὶ
870 4000 1139 4076 ι’ζιῡτερον
1183 4000 1394 4083 χρόνῳ
1442 4001 1593 4077 τοὺς
1626 4003 1699 4064 δὲ
1731 4003 1832 4064 καὶ
1942 4004 2034 4080 ὡς
2059 4006 2171 4066 δεῖ.
2207 4003 2373 4082 φασὶ
2405 4006 2561 4077 γοῦν
2593 4003 2692 4065 καὶ
2724 4019 2922 4077 παρα-

718 4108 806 4180 mg
878 4107 1162 4171 ἐνιαυτὸν
1225 4106 1399 4183 ἄγειν
1472 4108 1571 4170 καὶ
1654 4109 1828 4194 [τὰς]
1942 4116 2148 4189 χρῆμα
2236 4108 2742 4173 ἀπαλλάττεσθαι
2820 4106 2921 4169 καὶ

718 4220 934 4288 δύσεις
986 4212 1381 4293 ἀβοηθήτους
1428 4213 1605 4280 εἶναι.
1940 4215 2216 4295 ὕστερον
2263 4216 2472 4299 χρόνῳ
2520 4217 2670 4292 τοὺς
2717 4215 2788 4277 δὲ
2820 4212 2920 4275 καὶ

1215 1725 1337 1770 om.

934 4380 973 4440 1]
1018 4392 1119 4444 pro
1159 4375 1349 4429 ΑΙΡΙΩΙ
1391 4377 1776 4431 scribendum
1815 4384 1907 4433 est
1945 4377 2180 4431 ΛΕΙΡΙΩΙ
2219 4379 2294 4435 cf.
2333 4379 2492 4431 infra
2529 4395 2584 4447 p.
2623 4375 2709 4430 28.

930 4468 974 4523 ²}
1014 4467 1399 4520 seribendum
1436 4466 1710 4521 videtur:
1752 4467 1797 4521 εἰ
1836 4468 1908 4535 μὴ
1954 4469 2062 4535 ἄρα
2103 4468 2526 4535 εὐθεράπευτον
2566 4466 2656 4520 διὰ
2691 4465 2760 4518 τὸ
2801 4465 2938 4517 εῖναι
2966 4463 3061 4517 καὶ

718 4557 1174 4609 κατασκευαστὸν
1214 4557 1291 4621 ὡς
1330 4557 1429 4609 δεῖ.
