3409 5342
664 504 881 580 ,ιιι-ὸ

184 710 215 777 h.
240 711 283 796 pl.
301 709 359 795 IX,
376 713 408 789 4,
428 712 482 777 10:
502 704 599 775 Ἔνιοι
624 716 660 776 δὲ
682 713 831 787 λέγουσιν
855 712 900 789 ὡς
916 713 1033 776 πλείων
1057 715 1114 790 μὲν
1137 712 1155 776 ὁ
1178 708 1353 791 λιβανωτὸς
1417 761 1421 769 .

185 819 220 882 ἐν
242 825 278 902 τῇ
301 817 427 901 Ἀραβίᾳ
450 820 566 893 γίνεται
591 819 726 882 καλλίων
751 822 786 882 δὲ
807 819 841 882 ἐν
857 822 925 895 ταῖς
949 820 1155 897 ἐπικειμέναις
1176 821 1290 898 νήσοις
1307 819 1355 884 ὧν

184 925 405 1009 ὑπάρχουσιν).
428 924 582 991 Similiter
593 925 699 990 Iubae
713 924 754 990 de
765 925 898 1009 myrrha
909 924 1010 991 verba
1023 924 1053 992 h.
1065 947 1096 993 n.
1110 926 1185 1010 XII,
1198 928 1240 992 67
1254 947 1352 1012 oppo-

183 1038 300 1096 nuntur
313 1031 548 1117 Theophrasto.
572 1032 675 1097 Multa
689 1032 730 1096 dc
746 1031 869 1097 Arabia
883 1052 902 1096 e
915 1032 935 1097 J
938 1032 1021 1098 ubae
1038 1032 1120 1098 libro
1132 1032 1353 1118 geographico

184 1138 300 1204 hausta
311 1158 385 1205 esse
397 1139 556 1224 videntur,
569 1158 696 1224 semper
709 1144 817 1203 antem
829 1139 878 1204 ita
890 1138 1073 1225 adhibetur,
1090 1147 1125 1204 ut
1138 1139 1354 1225 Theophrasti

183 1246 362 1311 sententiae
385 1254 568 1331 augeantur
591 1247 683 1312 novis
707 1247 949 1331 supplementis.
997 1246 1046 1312 Ob
1069 1245 1104 1311 id
1124 1246 1243 1331 ipsum,
1266 1247 1354 1329 qnod

182 1352 288 1417 Jubae
312 1354 412 1418 verba
435 1372 534 1438 saepe
559 1351 785 1437 Theophrasto
809 1360 1028 1438 opponuntur,
1058 1352 1127 1417 fieri
1150 1373 1213 1417 non
1236 1359 1352 1438 potest,

183 1466 219 1523 ut
243 1458 324 1524 haec
348 1460 596 1544 Theophrastea
619 1459 780 1525 sententia
801 1479 860 1545 per
884 1460 989 1525 Jubae
1019 1459 1118 1526 libros
1148 1460 1191 1524 ad
1215 1460 1353 1525 Plinium

182 1566 315 1633 venerit.
372 1567 571 1653 Appendicis
602 1568 700 1651 igitur
731 1574 763 1634 et
796 1567 1009 1653 supplementi
1039 1567 1111 1632 loco
1144 1566 1250 1632 Jubae
1279 1566 1353 1632 libri

181 1673 403 1760 adsumuntur,
427 1675 583 1760 imprimis
607 1674 710 1740 tribus
733 1674 881 1759 partibus
904 1673 993 1740 librr.
1010 1674 1076 1738 XII
1102 1679 1135 1737 et
1156 1674 1239 1739 XIII
1265 1680 1353 1739 certe

182 1781 288 1846 Jubae
302 1783 404 1847 multa
419 1782 516 1847 debet
529 1781 661 1864 Plinius,
675 1781 792 1863 quibus
809 1780 850 1845 de
868 1779 1077 1864 Trogodytis,
1091 1799 1200 1845 eorum
1217 1780 1354 1863 regioni-

181 1887 243 1954 bus
266 1889 342 1972 XII,
369 1891 432 1954 100
455 1909 525 1971 sqq.
551 1895 583 1953 et
605 1887 835 1973 paragraphis,
868 1908 951 1969 quae
975 1886 1185 1971 praecedunt,
1210 1893 1242 1950 et
1265 1886 1296 1954 h.
1319 1909 1351 1954 n.

181 1995 279 2075 XIII,
311 1996 383 2078 142,
417 1996 471 2059 ubi
496 1995 742 2081 descriptionem
778 1995 953 2059 insularum
987 1993 1250 2078 Trogodytarum
1282 1993 1352 2078 ipse

181 2101 304 2167 Plinius
328 2103 433 2168 Jubae
456 2103 612 2187 assignat,
637 2122 697 2169 nec
720 2103 850 2186 mirum,
882 2121 954 2166 eum
986 2101 1052 2166 iam
1082 2100 1171 2165 libris
1195 2100 1226 2166 h.
1249 2121 1281 2166 n.
1305 2099 1351 2165 VI

181 2216 214 2275 et
231 2211 310 2276 VIII
334 2211 367 2276 in
391 2211 607 2278 describenda
631 2211 746 2276 eadem
770 2211 903 2295 regione
927 2211 1032 2276 Jubae
1046 2209 1145 2275 libros
1161 2209 1350 2294 excusserit,

181 2319 332 2398 qnoniam
365 2339 447 2385 unus
471 2320 557 2385 Juba
591 2319 693 2384 fusius
725 2317 765 2382 de
797 2316 847 2382 his
877 2317 971 2382 terris
1002 2316 1106 2400 egisse
1137 2316 1285 2381 videatur
1307 2356 1350 2366 -

181 2423 209 2488 si
232 2423 397 2490 itineraria
420 2426 605 2507 omittimus,
624 2444 708 2506 qnae
727 2424 797 2509 ipse
813 2425 901 2489 Iuba
917 2423 1074 2509 adhibuit,
1098 2445 1118 2489 a
1134 2424 1237 2489 Plinio
1254 2423 1350 2488 valde

110 2572 115 2581 -
180 2529 287 2597 aliena
310 2572 353 2582 —
377 2532 459 2597 haec
482 2532 572 2615 regio
596 2531 735 2596 noudum
762 2551 781 2596 a
805 2531 1015 2616 scriptoribus
1042 2551 1149 2596 rerum
1173 2530 1350 2596 Alexandri

178 2657 239 2703 nec
261 2638 372 2721 itaque
396 2637 560 2723 descripta
584 2644 654 2702 erat
678 2637 951 2722 aTheophrasto,
975 2658 1047 2703 curn
1071 2638 1157 2704 Juba
1180 2638 1235 2720 qui
1257 2658 1349 2722 prae-

179 2744 288 2809 sertim
314 2744 354 2808 de
370 2744 493 2809 Arabia
518 2751 549 2808 et
565 2744 679 2809 vicinis
694 2744 879 2827 regionibus
895 2744 1009 2809 librum
1026 2746 1225 2829 conscripsit,
1242 2745 1350 2810 facere

177 2871 241 2914 non
265 2856 384 2936 posset,
409 2851 485 2933 quin
509 2855 541 2914 et
564 2850 771 2934 Trogodytas
795 2857 948 2915 accurate
971 2856 1196 2936 pertractaret.

285 2958 511 3043 Sprengelium
534 2964 663 3024 secutus
687 2977 770 3022 nunc
794 2958 822 3023 si
845 2957 985 3022 indicem
1017 2957 1151 3023 fontium
1174 2957 1269 3021 Plinii
1292 2957 1349 3022 ad-

178 3063 256 3128 dere
280 3065 374 3129 velim
399 3065 454 3148 (cl.
478 3085 559 3131 mus.
583 3064 672 3129 rhen.
696 3064 813 3148 XLVI,
839 3085 871 3148 p.
897 3065 967 3148 to),
992 3064 1024 3128 in
1047 3049 1239 3149 phytolhgia
1263 3064 1348 3149 prin-

178 3170 316 3255 cipalem
340 3171 460 3236 fontem
485 3170 722 3254 designaverim
738 3170 956 3255 Theophrasti
978 3169 1088 3254 libros,
1114 3169 1255 3235 secundo
1275 3171 1348 3235 loeo

176 3278 338 3342 accedunt
361 3278 522 3362 Hyginus,
546 3277 773 3363 Apollodorus,
798 3278 893 3343 Juba.
935 3278 1050 3359 Neque
1074 3277 1250 3359 quidquam
1275 3296 1346 3341 meo

176 3383 307 3466 quidem
330 3384 451 3451 iudicio
474 3385 633 3469 prohibet,
661 3386 830 3468 quominus
855 3385 992 3450 Plinium
1018 3386 1106 3470 ipsos
1131 3383 1347 3469 Theophrasti

174 3488 275 3554 libros
299 3492 480 3557 excussisse
504 3492 708 3574 affirmemus,
732 3511 793 3556 nec
815 3491 888 3574 ipsa
912 3491 967 3556 illa
987 3490 1121 3557 Brunnii
1145 3491 1253 3556 obstat
1277 3510 1347 3557 sen-

174 3596 278 3661 tentia
294 3597 431 3662 Plinium
447 3592 573 3683 semper
589 3599 657 3663 fere
673 3597 866 3683 compendia
882 3598 1101 3683 adsumpsisse
1117 3597 1149 3661 in
1168 3598 1346 3663 scribendis

173 3701 266 3767 libris
289 3703 319 3770 h.
337 3724 386 3769 n:
412 3710 502 3769 erant
526 3703 744 3788 Theophrasti
768 3703 841 3768 libri
865 3704 1100 3789 compendium,
1125 3724 1203 3771 sane
1227 3724 1346 3787 graece

174 3818 381 3896 conceptum,
412 3814 445 3876 in
475 3832 538 3894 quo
569 3833 679 3878 omnes
713 3811 776 3876 iam
809 3812 988 3878 sententiae
1018 3814 1209 3897 scriptorum
1240 3833 1346 3878 rerum
1380 3864 1386 3903 ,

173 3917 353 3982 Alexandri
377 3919 532 3983 collectae
556 3925 639 4003 sunt,
664 3918 802 4003 primum
825 3924 923 4001 atque
947 3921 1102 4005 optImum
1119 3920 1345 4005 compendium
1371 3910 1380 3967 ἶ

173 4023 328 4090 historiae
352 4026 531 4110 plantarum
549 4028 646 4091 totius
662 4024 875 4107 antiquitatis.
911 4026 983 4091 Hoc
999 4033 1110 4092 teneas
1125 4026 1230 4091 Jubae
1246 4026 1345 4093 libros

172 4150 214 4194 nc
238 4138 304 4194 tam
328 4132 453 4217 amplos
477 4133 606 4215 quidem
629 4132 729 4196 fuisse
754 4139 851 4213 atque
876 4131 1108 4215 Theophrasti,
1140 4131 1245 4197 fontes
1277 4131 1345 4198 eius

172 4238 206 4301 in
237 4238 443 4323 expeditione
462 4238 644 4304 Alexandri
675 4245 707 4302 et
737 4236 953 4322 descriptione
984 4245 1140 4302 terrarum
1169 4237 1225 4302 illa
1255 4245 1344 4322 pate-

172 4345 334 4410 sactarum
358 4353 449 4410 erant
472 4346 641 4412 Nearchus
672 4352 703 4410 et
735 4345 951 4428 Onesicritus,
984 4364 1064 4426 quos
1093 4344 1164 4429 ipse
1194 4351 1344 4411 auctores

173 4453 280 4537 posuit
312 4453 398 4518 Juba
430 4454 471 4518 cl.
496 4453 578 4519 Plin.
609 4453 639 4519 h.
664 4474 694 4518 n.
720 4452 775 4517 VI.
828 4451 878 4517 Ne
913 4451 1043 4535 probari
1074 4451 1204 4533 quidem
1237 4458 1344 4536 potest

171 4558 289 4624 Jubanr
315 4560 497 4626 excussisse
521 4559 736 4646 Theophrasti
762 4559 871 4641 libros,
897 4556 949 4639 qui
975 4558 1045 4641 ipse
1062 4557 1103 4621 ad
1121 4557 1220 4623 libros
1237 4579 1341 4623 rerum
