3409 5342
663 510 885 573 ..41-

190 702 221 766 ci
255 705 291 766 δὲ
326 703 481 780 ἀπύρηνοι
516 704 565 765 καὶ
597 703 793 766 καλλίκοκκοι
833 703 993 779 γίγνονται
1026 704 1096 781 περὶ
1129 704 1185 767 τὸν
1217 702 1360 782 Πίναρον

189 811 343 889 ποταμόν.

296 918 347 983 De
372 916 480 1001 hydno
504 917 694 1001 Apollonius
719 917 800 983 duas
825 917 1043 1003 Theophrasti
1066 919 1196 1000 eclogas
1228 917 1360 1002 profert,

192 1043 276 1106 quae
305 1024 338 1088 in
369 1023 537 1090 codicibus
566 1045 629 1089 non
661 1032 783 1091 extant.
813 1031 855 1110 (c.
880 1026 960 1090 XVI
984 1030 1015 1090 et
1038 1025 1198 1108 XLVIH:
1229 1044 1257 1091 c.
1282 1024 1361 1088 XVI

192 1130 242 1213 (fr.
270 1132 333 1196 170
356 1131 421 1216 W.)
452 1131 667 1212 Θεόφραστος
697 1130 761 1196 δ’ἐν
784 1139 820 1216 τῇ
844 1135 916 1209 περὶ
947 1136 1058 1213 φυτῶν
1085 1132 1282 1215 πραγματείᾳ
1305 1133 1362 1208 τήν

192 1240 312 1318 θαψίαν
336 1239 433 1317 ῥίζαν,
464 1240 483 1323 ᾖ
507 1239 537 1302 αἱ
562 1239 662 1317 ἰατροὶ
686 1243 838 1318 χρῶνται,
870 1240 925 1305 ἐάν
949 1262 996 1319 τις
1019 1242 1079 1304 σὺν
1102 1241 1233 1318 κρέασιν
1257 1240 1362 1322 ἑψήσῃ

190 1348 230 1411 τὰ
261 1347 363 1410 πολλὰ
391 1348 427 1410 ἓν
449 1347 629 1430 γίγνεσθαι,
662 1347 747 1410 ὥστε
778 1347 813 1411 ἐκ
834 1351 892 1411 τοῦ
916 1348 1044 1424 ἀγγείου
1069 1348 1174 1425 μηκέτι
1206 1346 1363 1410 δύνασθαι

181 1449 388 1531 ’ἐξαιρεθῆναι
412 1458 444 1517 et
460 1471 488 1518 c.
506 1452 648 1519 XLVII:
672 1454 712 1517 τὰ
733 1451 816 1517 ὕδνα
832 1457 976 1532 βροντῶν
1000 1457 1144 1532 συνεχῶν
1167 1453 1364 1529 γιγνομὲνων

191 1559 389 1638 σκληρότερα
411 1561 563 1635 γίγνεται,
594 1560 735 1637 καθάπερ
767 1559 982 1640 Θεόφραστος
1005 1560 1039 1625 ἐν
1062 1563 1129 1638 τοῖς
1158 1530 1228 1637 περὶ
1253 1561 1364 1638 φυτῶν

191 1666 323 1745 εἴρηκεν,
334 1666 416 1731 haec
425 1686 502 1731 vero
516 1667 632 1750 ecloga
642 1666 739 1731 etiam
754 1667 795 1730 ab
805 1666 973 1732 Athenaeo
985 1673 1017 1732 et
1028 1667 1131 1732 Plinio
1141 1666 1363 1751 Theophrasto

191 1759 350 1857 tribuitur,
376 1772 417 1838 de
437 1792 501 1855 qua
520 1773 585 1838 iam
601 1773 690 1838 initio
715 1773 925 1859 expositionis
946 1780 1076 1839 nostrae
1099 1795 1131 1857 p.
1152 1773 1172 1837 3
1197 1792 1245 1855 sq.
1265 1772 1365 1837 verba

191 1879 336 1946 fecimus.
390 1879 512 1945 Habuit
544 1880 643 1964 igitur
664 1881 853 1966 Apollonius
877 1880 963 1944 idem
987 1880 1154 1965 exemplar
1176 1879 1220 1945 ad
1236 1898 1381 1968 manum⁴

193 1993 291 2069 atque
307 1986 494 2053 Athenaeus
508 1993 541 2052 et
556 1988 671 2071 reliqui
694 1990 878 2074 scriptores.
925 1986 1016 2051 Idem
1041 1986 1081 2050 de
1105 1986 1287 2052 scholiastis
1309 1985 1364 2050 ho·
1397 2016 1414 2048 x

194 2093 321 2159 maricis
340 2093 491 2158 contendi
511 2094 596 2179 licet,
621 2096 675 2178 qui
690 2095 833 2181 pendent
848 2116 869 2160 a
885 2093 1103 2177 grammaticis
1127 2092 1364 2158 Alexandrinis.

301 2200 547 2287 Theophrastus
570 2202 601 2269 h.
626 2203 670 2288 pl.
695 2203 755 2285 HI,
782 2206 810 2287 1,
835 2203 856 2266 3
880 2201 949 2286 agit
973 2201 1014 2265 de
1037 2200 1137 2266 salice
1161 2220 1244 2283 quae
1267 2199 1365 2282 frugi-

195 2308 299 2393 perda
328 2309 526 2394 appellatur,
567 2309 654 2392 quod
684 2309 822 2374 fructum
859 2316 935 2374 ante
971 2308 1188 2373 maturitatem
1218 2308 1392 2372 amittere*
1481 2308 1488 2313 ’

194 2413 321 2480 dicitur.
368 2413 587 2500 Theophrasti
610 2415 711 2480 verba
735 2417 873 2481 citantur
897 2415 940 2479 ad
964 2414 1026 2480 Od.
1043 2436 1071 2499 κ,
1087 2437 1117 2480 ν.
1135 2415 1201 2480 510
1224 2418 1366 2499 (κλῆθροι

193 2519 351 2599 τάίγειροί
374 2543 408 2586 τε
431 2524 481 2586 καὶ
507 2521 583 2585 ίτὲαι
608 2523 834 2608 ὠλεσίκαρποι)
851 2523 884 2585 in
908 2521 1038 2587 scholiis
1055 2522 1226 2607 Odyssiae,
1250 2522 1365 2587 Eusta-

193 2627 258 2694 tius
282 2628 397 2693 eadem
421 2629 464 2693 ad
489 2629 685 2694 nominatum
715 2630 822 2693 locum
853 2629 1014 2713 Odyssiae
1045 2629 1153 2714 affert,
1184 2627 1366 2713 Hesychius

195 2734 328 2800 exhibet
350 2756 376 2801 s.
401 2757 431 2801 v.
456 2736 685 2815 ὠλεσίκαρπος,
710 2735 799 2821 προτί
822 2736 997 2801 Stobacum
1024 2741 1066 2820 (ο.
1081 2736 1117 2802 0.
1132 2736 1202 2814 πἐρὶ
1217 2736 1321 2800 νόσου
1339 2736 1366 2813 ρ’

195 2843 236 2906 21
262 2841 370 2926 Mein,
394 2842 493 2926 apud.
519 2840 673 2907 Gaisford
696 2843 759 2908 vol.
785 2843 877 2927 IIIp.
902 2843 981 2925 273)
1013 2842 1267 2927 Neoplatonicus
1290 2841 1366 2906 Por-

196 2948 330 3033 phyrius
353 2949 386 3012 in
409 2947 491 3014 libro
514 2952 584 3027 περὶ
607 2949 729 3027 Στυγός
751 2949 830 3014 citat
862 2949 979 3033 verba,
1010 2968 1093 3031 quae
1116 2950 1237 3013 Plinius
1261 2948 1367 3012 adfert

196 3055 227 3123 h.
252 3077 282 3122 n.
307 3056 395 3140 XVI,
422 3057 495 3141 110,
519 3056 674 3121 Aelianus
697 3056 772 3122 hist.
790 3077 840 3122 an.
858 3057 915 3140 IV,
932 3057 975 3120 23
993 3055 1058 3137 (ed.
1075 3055 1243 3141 Hercher),
1259 3062 1367 3120 tamen

195 3160 417 3227 adnotandum
441 3169 489 3228 est
512 3162 725 3247 Hesychium,
757 3162 989 3247 Porphyrium,
1020 3163 1199 3246 Aelianum,
1230 3162 1367 3227 Plinium

196 3268 388 3334 sententiam
422 3269 700 3355 Theophrasteam
733 3269 886 3335 exhibere
916 3269 984 3335 sine
1015 3270 1118 3355 ipsius
1151 3269 1367 3354 Theophrasti

195 3376 337 3442 auctoris
359 3376 497 3443 nominc.
544 3377 581 3441 In
605 3377 800 3462 GeoponIcis
824 3377 963 3460 denique
986 3378 1045 3443 sub
1062 3376 1239 3442 Democriti
1264 3375 1366 3440 cuius-

198 3484 274 3549 dam
306 3471 432 3548 nomine
464 3483 577 3548 eadem
602 3484 851 3570 Theophrastea
881 3484 1041 3550 sententia
1064 3484 1123 3565 XI,
1150 3484 1200 3568 13,
1224 3485 1245 3547 2
1268 3483 1368 3548 fusius

197 3591 379 3676 exponitur.
425 3591 539 3656 Liceat
562 3591 656 3656 unius
680 3592 836 3674 cuiusque
860 3592 960 3657 verba
984 3591 1036 3656 hic
1059 3590 1215 3655 adnotare
1241 3596 1368 3654 etcum

197 3699 299 3784 ipsius
322 3698 539 3783 Theophrasti
563 3719 768 3784 comparare:

243 3895 407 3981 Theophr.
430 3895 462 3961 h.
484 3897 528 3981 pl.
547 3896 607 3979 III,
634 3899 662 3980 1,
680 3897 711 3961 3.
892 3895 974 3961 Plin.
998 3895 1029 3961 h.
1054 3916 1085 3960 n.
1109 3894 1197 3978 XVI,
1225 3895 1288 3959 110

199 4020 279 4083 ἀλλὰ
302 4022 359 4099 τὴν
384 4020 469 4085 ἰτέαν
495 4023 572 4100 ταχὺ
600 4042 756 4099 προκατα-
811 4020 969 4087 Ocissime
1000 4027 1107 4084 autem
1138 4018 1221 4085 salix
1253 4017 1369 4083 omittit

200 4126 325 4206 βάλλειν
336 4127 399 4205 πρό
411 4131 468 4191 τοῦ
477 4148 510 4191 τε
522 4129 650 4206 τελείως
662 4128 755 4206 ἁδρῡ·
782 4112 785 4193 l
810 4147 918 4193 semen
947 4132 1119 4207 autequam
1149 4123 1276 4189 omnino
1303 4145 1370 4189 ma-

199 4254 251 4297 ναι
274 4235 325 4296 καί
348 4234 446 4312 πέψαι
468 4235 524 4298 τὸν
543 4235 672 4313 καρπόν·
698 4234 756 4300 δι’ὃ
782 4228 785 4317 ί
811 4234 976 4300 toritatem
1001 4232 1132 4313 sentiat,
1160 4234 1201 4296 ob
1224 4231 1258 4295 id
1282 4230 1370 4296 dicta

200 4341 251 4404 καὶ
271 4342 328 4405 τὸν
340 4344 474 4420 ποιητὴν
488 4342 526 4406 οὐ
539 4348 644 4420 κακῶς
662 4362 756 4420 προς·
812 4342 953 4406 Homero
977 4338 1179 4425 frugiperda.
1228 4337 1370 4404 Secuta

200 4449 364 4528 αγορεύειν
403 4448 501 4527 αίιτήν
537 4449 757 4528 ιίιλεσίκαρπον
811 4456 925 4512 aetas
965 4447 1113 4512 scelere
1151 4464 1216 4510 suo
1254 4443 1370 4508 inter-

200 4553 275 4641 (Od.
299 4578 327 4625 κ.
351 4555 441 4639 510).
811 4561 970 4643 pretato
1002 4563 1059 4622 est
1092 4552 1188 4618 hanc
1221 4559 1371 4621 senten-
