3409 5342
647 470 865 534 -37ss

169 663 327 728 Athenaei
343 683 419 728 vero
435 664 535 729 verba
554 664 760 730 scholiastam
778 682 915 745 eumque
931 662 1176 746 grammaticum
1193 662 1338 727 redolere

168 791 260 835 nemo
284 777 333 835 est
356 771 410 852 qui
433 776 539 855 neget.

274 878 345 942 Hoc
368 897 465 941 unum
490 879 673 964 exemplum
697 879 823 962 sufficit,
856 878 916 943 etsi
947 884 979 941 et
1009 877 1074 941 alia
1103 877 1243 959 vestigia
1273 877 1337 940 iarn

168 987 200 1049 in
223 992 409 1050 transcursu
433 1005 531 1070 supra
554 986 746 1052 notavimus.
792 985 910 1050 Paucis
934 984 1042 1049 verbis
1064 984 1161 1048 liceat
1183 983 1337 1067 colligere

168 1112 251 1173 quae
276 1112 316 1156 ex
350 1097 419 1156 tota
450 1092 559 1156 adhuc
591 1091 809 1178 disputatione
845 1090 1046 1157 enucleanda
1078 1089 1243 1157 videntur:
1278 1090 1336 1154 lib·
1380 1172 1384 1179 p

167 1219 273 1263 rorum
297 1199 577 1284 phytologicorum
601 1200 818 1285 Theophrasti
846 1200 1003 1264 habemus
1031 1198 1194 1283 duplicem
1226 1218 1335 1262 reeen-

167 1306 287 1370 sionem
310 1306 344 1370 in
366 1328 470 1391 parva
493 1307 635 1390 quadam
658 1313 751 1393 parte
774 1306 847 1372 libri
870 1305 945 1371 noni
976 1305 1073 1370 etiam
1102 1305 1136 1370 in
1160 1304 1267 1390 codd,
1292 1305 1335 1370 ad
1363 1324 1377 1385 (t

167 1413 250 1478 hanc
283 1413 411 1478 accedit
445 1416 636 1499 scriptorum
671 1421 815 1480 veterum
853 1414 1015 1498 recensio,
1055 1432 1138 1496 quae
1176 1412 1283 1478 differt
1315 1434 1336 1477 a
1371 1489 1375 1495 ‚

166 1519 353 1585 recensione
384 1519 531 1584 codicum
555 1520 682 1607 UM(P),
713 1522 811 1585 multo
841 1519 946 1584 minus
976 1540 996 1585 a
1020 1518 1114 1585 codd.
1138 1519 1187 1585 U*
1210 1519 1262 1583 M*
1286 1539 1334 1584 re-

72 1696 75 1703 ,
166 1628 328 1694 censione.
374 1627 472 1695 Nulla
495 1648 571 1694 vero
596 1627 743 1694 codicum
773 1627 916 1694 recensio
947 1627 1074 1710 integra
1105 1626 1206 1692 verba
1229 1624 1334 1691 Theo-

166 1734 289 1820 phrasti
313 1735 471 1802 servavit:
508 1742 558 1801 est
589 1735 687 1819 igitur
709 1743 846 1817 utraque
876 1740 1062 1819 retractata,
1096 1733 1216 1818 quippe
1250 1753 1334 1815 quae

166 1849 280 1907 auctas
311 1849 343 1906 et
377 1849 538 1908 correctas
570 1842 833 1928 Theophrasteas
868 1840 1044 1907 sententias
1076 1839 1259 1907 exhibeant.
1305 1840 1333 1904 E

164 1948 246 2013 libro
271 1948 411 2031 quodam
436 1949 654 2035 phytologico,
679 1968 773 2031 quem
798 1968 869 2013 eum
893 1945 1084 2013 Dioscoride
1112 1954 1145 2012 et
1167 1946 1332 2013 Nicandro
1450 1980 1451 1985 .

164 2054 339 2120 cohaerere
363 2056 501 2121 vidimus
524 2077 609 2121 nova
632 2057 684 2121 vel
707 2056 842 2121 meliora
866 2055 948 2142 (scil.
977 2061 1013 2119 ut
1041 2053 1214 2119 correctori
1243 2053 1331 2119 vide-

163 2161 293 2247 bantur)
319 2161 572 2247 Theophrasteis
602 2161 716 2228 addita
746 2182 817 2227 esse
848 2166 984 2227 constat.
1030 2158 1258 2225 Difficillimam
1291 2159 1332 2224 de
1364 2196 1367 2205 ·

162 2267 276 2332 horum
316 2268 501 2334 auctoribus
540 2270 760 2351 quaestionem
798 2267 973 2351 tetigimus,
1015 2266 1056 2331 de
1095 2286 1160 2349 qua
1196 2272 1332 2350 egerunt

162 2375 201 2441 Ο.
226 2374 404 2440 Schneider
418 2375 441 2458 ¹)
466 2382 498 2440 et
512 2375 695 2460 nuperrime
711 2375 752 2449 Μ,
770 2375 992 2441 Wellmannus
1004 2374 1045 2461 ²):
1069 2374 1123 2439 ille
1147 2372 1331 2438 adhibuisse

160 2482 359 2549 Nicandrum
388 2481 488 2547 libros
517 2480 616 2565 iologi
646 2480 813 2546 cuiusdam
845 2481 1035 2566 Apollodori
1066 2488 1185 2566 censet,
1217 2480 1269 2545 cui
1299 2487 1331 2545 et

160 2588 284 2653 Plinius
307 2588 409 2652 multa
433 2587 600 2664 debuerit.
636 2588 730 2651 Hunc
753 2586 984 2672 Apollodorum
1013 2585 1091 2650 dicit
1114 2585 1330 2651 Schneiderus

159 2697 182 2762 l.
206 2696 227 2762 l.
252 2717 284 2781 p.
310 2696 390 2761 188:
421 2694 530 2780 ,fuisse
553 2694 730 2759 Democriti
760 2699 999 2778 assectatorem,
1027 2693 1171 2759 incertae
1193 2693 1329 2779 patriae,

161 2801 220 2867 sed
245 2800 506 2885 distinguendum
529 2801 571 2866 ab
596 2799 739 2866 eiusdem
763 2801 900 2866 nominis
915 2799 1106 2885 hominibus,
1131 2800 1328 2885 Atheniensi,

159 2909 305 2993 Lemnio,
329 2908 461 2974 Citiensi
484 2908 587 2990 iisque
624 2908 679 2990 qui
712 2907 753 2972 de
786 2907 938 2973 odoribus
972 2913 1003 2971 et
1035 2906 1077 2972 ad
1110 2908 1329 2973 Ptolemaeum

160 3036 271 3100 regem
305 3015 346 3080 de
377 3014 443 3080 vini
475 3015 647 3097 generibus
676 3015 880 3081 commentati
913 3021 1000 3100 sunt,
1034 3014 1234 3097 eundemque
1265 3035 1329 3079 non

160 3122 203 3187 de
227 3122 337 3188 bestiis
361 3124 464 3188 solum
487 3123 654 3188 venenatis
678 3122 940 3188 commentarium
963 3122 1140 3206 scripsisse,
1165 3120 1224 3187 sed
1242 3123 1329 3187 inea

158 3249 286 3313 quoque
310 3250 394 3312 quae
417 3249 471 3295 ore
494 3230 611 3296 hausta
634 3237 750 3296 nocent
772 3250 896 3295 venena
914 3230 1118 3312 inquisivisse
1149 3231 1211 3295 alio
1244 3250 1328 3296 eom-

157 3337 327 3420 mentario,
348 3336 440 3402 cuius
464 3357 548 3419 quae
571 3337 736 3423 inscriptio
761 3337 867 3423 fuerit,
891 3337 1073 3404 nescimus‘.
1108 3338 1148 3402 Ei
1164 3338 1328 3404 Nicander
1353 3339 1354 3343 ’

158 3450 192 3508 et
215 3444 331 3526 reliqui
354 3438 470 3508 medici
502 3445 658 3529 pleraque
682 3451 820 3531 accepta
843 3445 995 3531 referunt,
1026 3451 1058 3510 et
1087 3453 1163 3531 post
1186 3446 1328 3514 Nicand-

156 3573 228 3617 rum
252 3559 359 3636 spreto
383 3542 454 3636 ipso
478 3552 644 3619 Nicandro
668 3552 815 3638 eundem,
840 3573 903 3635 quo
927 3552 981 3618 ille
1003 3572 1081 3618 usus
1104 3547 1183 3640 erat,
1207 3553 1327 3619 sontem

156 3659 309 3724 adierunt
333 3659 450 3724 medici
473 3660 507 3723 in
530 3659 645 3725 eadem
669 3659 840 3727 tractanda
863 3660 1000 3726 materia
1023 3661 1078 3748 (et.
1096 3660 1325 3746 expositionem

154 3766 346 3833 Schneideri
369 3767 391 3834 l.
415 3768 436 3833 l.
461 3789 492 3852 p.
517 3768 716 3852 rsa-198).
762 3769 812 3832 De
834 3767 939 3833 torma
963 3775 995 3833 et
1018 3768 1114 3834 rebus
1137 3768 1231 3834 huius
1254 3768 1326 3834 libri

155 3874 377 3939 Wellmannus
409 3896 441 3959 p.
468 3876 508 3940 18
539 3874 638 3939 libelli
672 3875 816 3960 inseripti
849 3875 921 3960 ,das
954 3876 1071 3941 alteste
1100 3875 1327 3942 Krauterbuch
1390 3900 1392 3905 ·

263 4090 285 4156 1)
306 4091 342 4145 et.
362 4089 530 4145 Nicandrea
549 4106 605 4145 ree.
625 4089 658 4144 Ο.
677 4089 836 4146 Schneider
853 4089 923 4162 Lps.
943 4089 1021 4161 1856,
1039 4097 1125 4162 parte
1143 4091 1222 4160 VIII,
1246 4108 1326 4162 quae

153 4178 334 4245 inscribitur,
354 4177 391 4232 de
410 4176 592 4248 Apollodoro
612 4179 782 4249 Iologorum
802 4180 876 4235 duce
895 4198 922 4250 p.
942 4179 1090 4236 rel—201.
1267 4242 1276 4263 ο

263 4267 287 4333 ²)
307 4265 344 4321 M.
364 4266 563 4323 Wellmannus
582 4268 710 4338 prImum
735 4269 767 4322 In
794 4269 871 4323 libro
899 4270 1050 4339 inscripto,
1079 4268 1325 4341 Abhandlungen

155 4354 209 4408 der
228 4356 286 4423 kgl.
306 4355 502 4410 Gesellschaft
521 4357 548 4409 d.
567 4357 652 4413 Wiss.
672 4373 711 4411 zu
729 4358 888 4427 Gottingen
913 4357 981 4412 1897
1005 4358 1182 4426 ,Krateuas‘,
1207 4364 1271 4414 tum
1294 4361 1324 4413 in

153 4444 239 4511 libro,
258 4444 409 4515 Festgabe
428 4447 478 4499 fur
497 4445 528 4501 F.
549 4444 706 4517 Susamihl,
731 4446 824 4520 Lng.
856 4446 926 4503 1898
955 4447 1018 4520 ,das
1047 4448 1154 4507 alteste
1182 4447 1325 4505 Kreuter·

153 4533 235 4589 buch
254 4532 307 4590 der
326 4531 492 4592 Grieehen.‘
1202 4528 1204 4534 '
