3409 5342
1724 508 1814 518 .-
1903 468 2166 534 38,-

775 660 892 726 der
937 661 1276 727 Griechen‘
1325 663 1647 744 quaedam
1693 664 1940 749 profert
1986 664 2072 729 ad
2119 671 2402 730 nostram
2448 681 2582 728 rem
2631 659 2806 726 haud
2844 658 3120 724 inutilia.

775 770 1140 854 Receperat
1186 769 1296 834 ille
1344 790 1499 834 88118
1550 769 2015 856 descriptiones
2063 770 2430 856 plantarum
2477 769 2541 834 in
2588 769 2785 834 libros
2832 787 2983 832 suos
3026 767 3122 830 io-

774 877 1043 958 logicos',
1093 865 1175 941 de
1222 876 1454 959 quibus
1504 877 1948 944 Wellmannus
1995 877 2187 944 dicit:
2251 898 2400 963 ,von
2444 875 2800 961 Apollodor
2845 875 2929 940 ist
2975 893 3122 938 aus-

778 981 1119 1047 drflcklich
1185 982 1462 1067 bezeugt
1508 983 1687 1071 (Ath.
1737 983 1881 1068 XV,
1930 1006 1994 1070 p.
2045 985 2222 1068 483),
2291 983 2444 1049 dass
2509 1003 2579 1048 er
2622 981 3123 1065 'Pflanzensyno-

778 1109 975 1173 nyma
1036 1089 1189 1174 gab,
1261 1088 1463 1154 durch
1529 1089 1634 1155 die
1706 1090 2371 1174 Uebereinstimmung
2431 1088 2547 1154 des
2593 1109 2718 1153 von
2764 1088 2841 1154 E.
2889 1085 3124 1152 Rhode

778 1183 964 1267 (mus.
1014 1194 1191 1262 111811.
1215 1195 1531 1260 XXVIII
1578 1217 1643 1282 p.
1691 1198 1824 1262 270
1844 1199 1970 1285 sq.)
2017 1197 2307 1263 edierten
2352 1196 2688 1279 Auszuges
2735 1214 2852 1259 aus
2894 1190 3123 1258 Archi-

781 1322 980 1385 genes
1026 1302 1141 1367 mit
1185 1302 1516 1371 Nicander
1561 1303 1645 1369 ist
1692 1303 2039 1390 bewiesen,
2102 1304 2256 1370 dass
2317 1304 2423 1368 1118
2483 1298 3122 1386 gemeinschaftliche

781 1409 1011 1486 ,Quelle
1058 1409 1283 1476 beider
1330 1409 1393 1477 d.
1442 1410 1505 1478 h.
1555 1410 1853 1478 derselbe
1884 1412 2261 1497 Apollodor,
2310 1409 2745 1477 thatsachlich
2791 1408 3123 1474 Pflanzen-

782 1517 1339 1600 beschreibungen
1386 1517 1453 1583 in
1499 1518 1637 1583 88111
1681 1519 2074 1603 iologisches
2120 1519 2326 1585 Werk
2371 1519 2866 1602 ausgenommen
2913 1517 3024 1582 hat
3044 1515 3120 1601 ¹).

784 1622 841 1687 Ε
886 1622 1051 1688 111110
1098 1622 1315 1709 igitur,
1364 1623 1474 1706 qui
1505 1624 1747 1690 similes
1779 1625 2249 1711 descriptiones
2279 1625 2735 1711 phytologicas
2772 1623 3125 1690 exhibebat
3255 1695 3264 1708 ο
3330 1679 3331 1688 ,

787 1737 983 1812 atque
1031 1729 1483 1816 Apollodorus,
1533 1731 1969 1798 contenderim
2026 1739 2412 1799 retractatos
2471 1752 2612 1800 esse
2669 1731 2868 1798 libros
2914 1731 3123 1796 Theo-

787 1836 1147 1922 phrasteOS.
1238 1838 1408 1905 Num
1454 1839 1540 1904 ad
1586 1859 1819 1906 manus
1851 1840 2148 1906 habuerit
2178 1840 2481 1906 redactor
2511 1840 2714 1925 ipsius
2745 1837 3125 1924 Apollodori

784 1944 982 2010 libros
1030 1943 1173 2027 quis
1220 1945 1649 2013 diiudicabit?
1698 1947 2126 2014 dubitaverim
2174 1968 2320 2013 cum
2364 1949 2746 2030 Wellmano,
2795 1946 2904 2030 qui
2948 1953 3123 2011 recte

787 2052 941 2117 mihi
989 2052 1248 2135 quidem
1295 2053 1538 2120 dixisse
1584 2054 1840 2120 videtur
1884 2055 1927 2122 l.
1975 2057 2016 2123 l.
2071 2055 2217 2143 „die
2265 2057 2644 2138 Benutzung
2704 2055 2820 2121 des
2866 2054 3123 2139 Apollo-

789 2158 907 2224 (101
952 2158 1053 2223 fur
1099 2157 1966 2244 Pflanzenbeschreibungen
2021 2160 2257 2227 seitens
2319 2161 2435 2227 der
2493 2168 2760 2246 spatern
2819 2160 3125 2226 Pharma-

789 2266 1072 2349 kologen
1118 2265 1294 2331 halte
1339 2265 1446 2330 ich
1515 2265 1788 2332 deshalb
1856 2267 1960 2332 1111
2025 2267 2546 2353 angeschlossen,
2614 2267 2762 2333 weil
2826 2267 2921 2334 818
2984 2267 3126 2332 81118

790 2372 1277 2457 Spezialschrift
1339 2393 1493 2458 war,
1573 2373 1711 2439 also
1776 2394 1896 2438 nur
1956 2376 2097 2440 eine
2162 2374 2597 2441 beschrankte
2675 2374 2923 2439 Anzahl
3000 2395 3127 2439 von

792 2479 1101 2545 Pflanzen
1146 2479 1570 2546 beschreiben
1617 2481 1881 2568 konnte‚
1931 2482 2157 2547 soweit
2212 2482 2305 2548 sie
2351 2483 2452 2547 1111
2513 2482 2619 2547 die
2665 2483 2941 2566 Jologen
3002 2502 3129 2547 von

794 2586 1218 2670 Wichtigkeit
1263 2589 1541 2654 waren.“
1637 2588 1844 2656 Nobis
1891 2589 2170 2655 sufficiat
2217 2610 2421 2673 genus
2469 2589 2793 2673 quoddam
2846 2588 3127 2674 descrip-

792 2694 1038 2759 tionum
1081 2693 1642 2779 phytologicarum
1702 2717 1745 2760 a
1790 2695 2281 2781 Theophrasteo
2343 2696 2667 2764 diversum
2728 2695 3127 2780 designasse,

797 2820 833 2865 8
881 2819 1008 2882 quo
1067 2799 1211 2885 ipsa
1260 2799 1754 2885 Theophrastea
1814 2808 2169 2867 retractata
2231 2808 2295 2867 et
2356 2811 2650 2869 correcta
2707 2802 2853 2869 sint.
2944 2802 3130 2879 Quae

795 2912 1136 2992 praeterea
1195 2907 1634 2973 Wellmannus
1695 2906 1779 2972 (18
1843 2914 2107 2973 81181018
2172 2908 2396 2973 horum
2463 2909 2771 2974 librorum
2834 2909 3130 2993 phytolo-

797 3014 1088 3098 gicorum
1144 3021 1209 3080 et
1256 3013 1690 3099 Theophrasti
1755 3015 2074 3100 exposuit,
2140 3037 2182 3080 a
2245 3022 2463 3081 nostra
2525 3036 2596 3081 re
2659 3016 2852 3100 plane
2915 3014 3132 3080 aliena

798 3120 1113 3188 videntur.
1208 3121 1350 3198 Quo
1397 3127 1687 3206 tempore
1734 3141 1888 3186 vero
1934 3121 2080 3186 libri
2126 3121 2599 3207 Theophrastei
2642 3121 2972 3187 retractati
3005 3121 3134 3187 sint

799 3227 1152 3294 secundum
1196 3226 1367 3292 hunc
1411 3226 1642 3293 librum
1689 3227 2200 3314 phytologicum,
2247 3229 2415 3295 infra
2463 3229 2960 3294 enucleabimus.

1012 3332 1165 3399 Sed*
1211 3334 1406 3400 etiam
1476 3355 1517 3399 a
1584 3336 2008 3417 grammatico
2079 3335 2361 3418 quodam
2431 3336 2630 3402 verba
2700 3335 3135 3420 Theophrasti

801 3440 1144 3507 emendata
1189 3440 1293 3506 vel
1325 3443 1651 3526 explicata
1683 3461 1827 3508 esse
1859 3442 2172 3509 habemus
2205 3443 2570 3528 exemplum
2599 3443 2762 3508 illud
2793 3440 3132 3507 ThericliS.

801 3548 993 3626 Quod
1040 3550 1095 3614 si
1140 3555 1386 3614 rectum
1431 3548 1706 3634 videtur,
1754 3556 1972 3615 nostro
2017 3550 2156 3614 iure
2202 3549 2352 3615 inde
2401 3545 2761 3634 colligimus
2813 3571 3134 3633 gramma-

800 3657 998 3723 ticum
1089 3655 1411 3739 quendam
1505 3654 1941 3742 Theophrasti
2025 3656 2204 3723 libris
2286 3657 2722 3742 phytologicis
2809 3657 3136 3739 quondam

800 3784 1065 3849 operam
1111 3784 1405 3832 navasse.
1496 3765 1635 3832 Nec
1682 3764 1951 3849 mireris,
1999 3765 2053 3830 si
2078 3764 2270 3830 modo
2320 3764 2617 3849 exemplo
2666 3764 2864 3829 uteris
2891 3764 3137 3829 Aristo-

799 3873 943 3939 telis
1019 3871 1286 3939 historia
1362 3871 1764 3957 animalium,
1854 3871 1920 3936 in
1996 3891 2127 3954 qua
2199 3891 2485 3938 summus
2560 3878 2757 3953 atque
2833 3871 3137 3956 princeps

799 3980 1383 4064 grammaticorum,
1461 3978 1960 4063 Aristophanem
2038 3978 2185 4043 dico
2259 3980 2662 4063 Byzantium,
2741 3977 2959 4043 studia
3039 3977 3138 4042 ita

801 4086 1254 4173 collocaverat,
1301 4094 1373 4152 ut
1424 4087 1565 4172 ipse
1629 4086 1855 4152 horum
1919 4087 2227 4152 librorum
2293 4087 2616 4171 epitomen
2681 4085 3138 4171 conscriberet,

1013 4270 1057 4336 1)
1098 4271 1171 4324 cf.
1230 4268 1683 4339 descriptionem
1739 4268 1961 4324 aconiti
2012 4288 2046 4323 a
2082 4268 2460 4324 Wellmanno
2500 4269 2536 4323 l.
2576 4269 2610 4320 l.
2651 4284 2704 4337 p.
2746 4267 2832 4331 18,
2869 4283 2926 4321 11.
2964 4265 2998 4320 5
3035 4281 3138 4320 ex-

799 4360 1049 4414 hibitam
1105 4374 1183 4413 ex
1236 4357 1366 4414 Ael.
1422 4358 1618 4414 Prom.
1676 4359 2010 4413 secundum
2066 4357 2500 4429 Apollodorum
2568 4358 2624 4426 (e
2681 4357 2886 4411 codice
2942 4355 3138 4411 Vatic.

800 4447 906 4502 299
943 4449 1300 4516 collationis,
1339 4463 1520 4516 quam
1569 4449 1715 4502 fecit
1751 4447 1816 4502 E.
1855 4447 2082 4515 Rhode,
2131 4461 2290 4516 quae
2337 4446 2499 4515 quod
2547 4462 2731 4516 supra
2783 4445 2858 4499 de
2911 4446 3140 4506 aconiti

801 4537 1202 4620 descriptione
1241 4537 1517 4606 diximuS,
1556 4536 1811 4618 probare
1848 4536 2149 4598 videntur.
