3409 5342
650 502 869 586 ..ιι-ς

172 718 231 798 est,
256 708 342 797 qnod
365 712 418 778 hic
449 714 535 796 clare
567 714 723 800 ridemus,
757 734 820 797 quo
855 714 960 780 modo·
984 715 1108 799 antiqui
1141 716 1214 801 ipsa
1237 703 1343 782 Theo-

173 821 327 907 phrastea
349 823 451 888 verba
474 822 682 889 correxerint.

238 1011 241 1015 ¹
281 930 380 994 Porro
416 936 506 994 extat
540 930 573 993 in
608 949 674 995 una
707 929 831 994 codicis
865 929 914 994 U*
948 929 1136 995 recensione
1172 930 1343 1016 expositio,

175 1056 272 1120 quam
295 1036 418 1101 Plinius
442 1036 474 1102 h.
497 1056 528 1103 n.
553 1036 658 1119 XXV,
682 1037 725 1102 99
749 1036 898 1102 exhibet:

310 1179 341 1246 n.
366 1179 411 1264 pr.
435 1149 494 1263 m,
521 1180 601 1264 ιιι
926 1178 957 1245 n.
982 1200 1012 1245 n.
1037 1179 1141 1262 xxv,
1165 1180 1208 1244 oo

164 1307 311 1381 xptbvtor
333 1302 415 1382 πρός
437 1323 471 1366 τε
494 1304 568 1380 τοὺς
585 1303 664 1382 ἔχεις
683 1305 733 1383 καὶ
790 1300 900 1369 verum
947 1311 979 1369 et
1024 1303 1158 1368 effectus
1204 1322 1345 1385 ususque

175 1411 215 1473 τὰ
245 1408 407 1489 φαλάγγια
440 1411 490 1474 καὶ
521 1412 596 1487 τοὺς
628 1416 735 1490 σῆπας
791 1409 921 1475 dicendi
972 1416 1045 1475 sunt
1093 1411 1345 1492 ordiendumque

176 1518 228 1580 καὶ
251 1519 291 1580 τὰ
314 1516 394 1582 ἄλλα
410 1518 525 1596 ἑρπετὰ
540 1518 685 1595 διδόντες
701 1519 735 1582 ἐν
790 1538 808 1583 e
842 1518 998 1582 malorum
1033 1518 1172 1582 omnium
1206 1517 1346 1602 pessimo

176 1623 255 1706 οἴνῳ
276 1626 327 1687 καὶ
350 1623 537 1704 ἀλείφοντες
554 1624 751 1702 pereussos·
791 1632 839 1690 est
863 1624 1058 1709 serpentium
1077 1624 1153 1691 ictu.
1178 1623 1346 1688 medentur
1389 1638 1393 1644 ·

791 1751 869 1816 ergo
1008 1731 1142 1795 chironii
1172 1738 1204 1796 et
1233 1729 1293 1795 flos
1316 1736 1348 1793 et

792 1858 901 1904 semen
915 1845 1027 1923 potum
1038 1837 1203 1903 inlitumve
1221 1857 1261 1901 ex
1273 1836 1347 1901 vino

792 1951 823 2009 et
847 1945 927 2012 oleo.

287 2073 306 2149 ξ
330 2068 351 2131 2
375 2067 520 2132 eiusdem
545 2068 661 2152 capitis
685 2069 797 2146 codice
820 2070 869 2135 U*
894 2071 1029 2135 alterurn
1062 2089 1164 2153 genus
1195 2086 1348 2153 panacea,

179 2173 369 2259 asclepium,
393 2173 596 2260 describitur,
622 2175 708 2257 quod
732 2176 846 2241 iterum
871 2177 970 2242 ceteri
994 2176 1089 2243 codd.
1116 2177 1281 2241 omittunt:

178 2318 216 2381 τὸ
241 2315 475 2395 δ’ἀσκληπίειον
498 2320 554 2395 τήν
576 2317 665 2395 ῥίζαν
682 2325 738 2398 μῆ-
873 2318 954 2385 Plin.
978 2319 1010 2385 h.
1034 2340 1065 2385 n.
1089 2318 1194 2403 XXV,
1218 2318 1262 2382 30

179 2445 237 2501 κθς
261 2424 378 2501 bithis
396 2427 558 2503 σπῑθαμήν
574 2429 687 2505 λευκὴν
703 2429 739 2490 δὲ
793 2442 959 2528 asclepion
984 2494 991 2508 .
1017 2493 1024 2508 .
1051 2493 1057 2507 .
1084 2493 1091 2507 .
1125 2441 1236 2506 radice
1259 2441 1350 2505 multi

181 2533 232 2594 καὶ
247 2535 381 2610 παχεῖαν
396 2532 538 2611 σφόδρα,
556 2534 606 2596 καὶ
623 2535 739 2612 φλοιὸν
794 2550 924 2615 &micis
949 2556 981 2614 et
1004 2549 1093 2615 salsi,

181 2638 283 2715 παχὺν
306 2639 356 2700 καὶ
381 2638 537 2718 ἁλυκώδη.
618 2676 620 2679 v

290 2778 438 2844 Pliniana
461 2780 571 2864 verba,
597 2800 680 2862 quae
709 2781 831 2844 nullum
855 2801 983 2847 sensum
1006 2781 1164 2866 praebere
1192 2780 1351 2863 videntur,

183 2904 201 2949 e
225 2883 362 2949 lectione
386 2885 509 2952 codicis
532 2887 580 2951 U*
604 2887 748 2971 intellegi
771 2894 906 2972 possunt
930 2888 1034 2973 (multi
1058 2887 1187 2952 corticis
1220 2893 1252 2951 et
1275 2887 1353 2952 salsi

184 3024 226 3047 =
251 2993 367 3071 φλοιὸν
389 2995 491 3071 παχὺν
514 2996 564 3057 καὶ
589 2994 760 3076 ἁλυνώδη).
812 2994 949 3060 Omnino
979 3014 1042 3058 non
1072 2993 1217 3076 intellegi
1246 2999 1354 3078 potest

184 3097 401 3182 Theophrasti
426 3098 622 3165 adiectivum
646 3101 813 3179 ἁλυκώὸης
829 3133 871 3156 =
895 3099 991 3164 Plinii
1015 3101 1142 3185 ,salsus‘
1162 3100 1203 3164 de
1223 3100 1353 3165 cortice.

183 3205 243 3270 Est
267 3225 345 3270 sane
369 3205 593 3288 antiquissima
624 3208 816 3292 corruptela.
863 3208 1132 3273 Emendationem
1160 3206 1313 3272 traxerim
1337 3227 1354 3270 e

184 3310 385 3376 Dioscoridis
421 3311 638 3397 descriptione
673 3314 815 3399 asclepii,
850 3332 933 3396 quae
966 3333 1161 3396 quamquam
1194 3314 1267 3398 (Ill,
1297 3313 1353 3395 49)

184 3418 326 3483 maxime
350 3418 525 3504 discrepat,
549 3418 833 3505 aTheophrastea
856 3420 934 3486 folia
962 3427 994 3486 et
1027 3419 1123 3486 flores
1146 3420 1249 3499 εὐώδη
1285 3439 1355 3485 esse

186 3524 275 3609 dicit,
322 3546 423 3607 quare
469 3546 616 3591 asserere
662 3527 758 3592 velim
804 3526 1024 3613 Theophrasti
1071 3526 1266 3590 ΑΛΥΚΩΔΗ
1315 3545 1355 3591 ex

188 3632 389 3697 toleranti
402 3639 586 3719 corruptum
598 3654 678 3700 esse.
702 3635 826 3700 Rursus
837 3642 945 3699 autem
955 3655 1106 3718 magnam
1116 3641 1241 3719 partem
1252 3633 1356 3698 Theo-

186 3740 360 3824 phrasleae
377 3740 570 3807 narrationis
590 3761 670 3805 unus
686 3740 791 3805 codex
806 3741 855 3806 U*
872 3741 1014 3826 exhibet,
1039 3741 1095 3805 alii
1111 3740 1174 3806 UM
1198 3740 1356 3805 omittunt.

294 3852 314 3929 ὅ
338 3847 358 3911 9
382 3845 526 3911 eiusdem
551 3849 683 3932 capituli
708 3848 900 3913 describitur
923 3848 1125 3934 tithymallus
1149 3848 1295 3931 quidam:

326 3986 356 4054 h.
379 3988 424 4073 pl.
449 3990 508 4075 IX,
535 3991 617 4074 11,9
922 3990 954 4056 h.
978 4012 1009 4058 n.
1033 3991 1154 4076 XXVI,
1179 3992 1233 4056 67.

187 4112 541 4190 μυριίτηςτιθύμαλλος
550 4162 657 4177 .....
673 4114 747 4177 πλύ-
848 4115 1175 4198 ....lavaturque
1208 4115 1360 4182 deinde

185 4238 301 4295 νανιες
325 4220 365 4283 ἐν
395 4217 510 4284 ὕδατι
544 4221 606 4284 καὶ
635 4221 748 4285 πάλιν
802 4219 944 4286 siccatur
969 4226 1000 4284 et
1024 4221 1130 4288 datur.

187 4325 383 4403 ξηράναντες
407 4327 535 4390 διδόασι
559 4330 649 4391 πιεῖν.

298 4452 331 4515 ἐν
354 4450 445 4516 ὕδατι
469 4454 519 4517 καὶ
543 4452 636 4516 πάλιν
660 4451 708 4516 ΙΙ*
732 4452 758 4515 Ρ
782 4451 944 4537 exhibent,
969 4453 1031 4518 UM
1056 4453 1215 4539 omittunt,
1239 4455 1362 4520 Plinius

187 4556 316 4638 legerat
341 4560 404 4641 ικαὶ
428 4560 522 4623 πάλιν
546 4590 587 4614 =
612 4557 753 4643 deinde),
787 4557 814 4623 si
837 4557 899 4622 hoc
933 4558 965 4621 in
997 4579 1055 4625 suo
1089 4561 1267 4645 exemplari
1299 4581 1362 4626 non
