3409 5342
1725 512 2164 582 ἡ.-20...,

773 711 1138 800 habuisset,
1223 713 1538 789 tortasse,
1585 713 1879 781 similiter
1951 721 2148 795 atque
2210 713 2592 778 Theodorus
2665 713 2846 778 Gaza
2911 711 3105 777 latine

771 822 1229 888 transtulisset:
1280 821 1644 903 ,demetitur
1690 841 1836 885 cum
1885 820 2151 885 ordeum
2211 821 2533 905 surgescit
2603 826 2668 886 et
2738 819 3105 886 exsiccatus

771 935 1214 1014 purgatusque
1262 928 1493 994 datur‘.
1588 927 1890 992 Ceterum
1936 947 2232 994 mancam
2291 947 2433 993 esse
2495 947 2855 993 sermonem
2902 925 3106 991 Theo-

770 1035 1018 1120 phrasti
1065 1037 1194 1100 iam
1240 1034 1670 1101 Schneiderus
1721 1034 1896 1121 (adn.
1945 1033 2031 1099 ad
2070 1034 2396 1118 Theophr.
2446 1034 2552 1099 vol
2598 1035 2696 1098 III
2729 1055 2792 1119 p.
2827 1035 2862 1098 7
2873 1034 2954 1098 73
2985 1038 3105 1116 sq.)

771 1140 1167 1225 suspicatum
1201 1147 1347 1225 post
1378 1140 1919 1218 ἀποκαθαίροντες
1951 1146 2015 1205 et
2052 1148 2200 1225 post
2240 1141 2408 1205 κάτω
2442 1140 2585 1225 ipsa
2618 1140 3110 1225 Theophrastea

771 1247 971 1312 verba
1028 1247 1300 1312 lacunae
1359 1246 1665 1311 indicium
1733 1246 2066 1331 praebent.
2161 1248 2257 1312 De
2305 1246 2517 1312 fructu
2565 1248 2732 1312 enim
2801 1246 2857 1312 si
2903 1246 3106 1310 Theo-

770 1354 1075 1441 phrastus
1145 1338 1361 1420 dicere
1432 1354 1665 1421 voluit:
1741 1354 1953 1432 ἀμῶσι
2020 1358 2092 1418 δὲ
2161 1355 2317 1419 ὅταν
2383 1405 2654 1421 .....
2722 1356 2947 1433 κριθαί,
3008 1356 3105 1418 καί

771 1463 1176 1541 ξηραίνοντες
1221 1465 1323 1526 καὶ
1373 1462 1934 1546 ἀποκαθαίροντες,
2002 1461 2157 1543 quid
2226 1481 2389 1547 opus
2461 1468 2599 1526 erat
2667 1468 2802 1526 tum
2866 1459 3106 1525 addere

771 1569 965 1634 αὐτὸν
1009 1571 1121 1634 τὸν
1168 1570 1431 1649 καρπόν,
1481 1567 1563 1634 de
1627 1589 1753 1651 quo
1820 1576 1956 1652 tum
2018 1569 2348 1651 loquitur?
2413 1568 2573 1634 satis
2643 1575 2783 1633 erat
2848 1569 3104 1646 καρπόν,

770 1677 1072 1760 quoniam
1105 1677 1299 1742 αὐτὸν
1326 1679 1439 1741 τὸν
1472 1677 1716 1755 καρπόν
1750 1677 1976 1760 ,solum
2010 1676 2308 1742 fructum‘
2341 1676 2658 1760 significet
2691 1683 2805 1741 aut
2832 1675 3104 1739 fructum

770 1805 811 1848 a
856 1783 1024 1850 toliis
1071 1790 1134 1848 et
1180 1783 1373 1848 ramis
1421 1782 1797 1865 distinguat.
1891 1782 2074 1847 Idem
2121 1783 2191 1847 fit
2238 1790 2467 1868 postea
2513 1790 2661 1868 post
2708 1784 2989 1862 καθαίρει
3037 1785 3107 1846 δὲ

771 1894 1022 1972 φλέγμα
1069 1891 1256 1956 κάτω.
1351 1889 1479 1955 Cur
1526 1891 1813 1973 sequitur
1878 1891 1989 1953 ἐὰν
2037 1893 2108 1954 δὲ
2167 1892 2240 1954 τὸ
2307 1890 2544 1968 κάρυον
2610 1889 2766 1953 αὐτὸ
2832 1889 3105 1952 διδῶσιὶ)

771 2005 834 2064 et
881 1998 984 2064 hic
1031 2004 1283 2084 oportet
1330 1999 1483 2061 αὐτὸ
1530 1999 1605 2061 τὸ
1653 1999 1890 2075 κάρυον
1937 1997 2172 2081 opponi
2220 1997 2412 2061 alicui
2467 1997 2554 2060 ali
2600 1996 2863 2081 plantae
2916 1994 3103 2080 parti.

768 2104 1173 2170 Emendandi
1220 2105 1390 2168 via-m
1438 2122 1473 2167 e
1520 2102 1710 2167 Plinii
1757 2101 1968 2168 verbis
2015 2103 2078 2169 h.
2127 2124 2187 2168 n.
2221 2103 2463 2186 XXVI,
2499 2100 2584 2168 6'6
2615 2122 2710 2185 sq.
2762 2121 3104 2186 sumamus,

770 2214 949 2278 cuius
995 2212 1195 2278 verba
1242 2210 1555 2275 adnotare
1603 2210 1830 2274 velim:
1899 2191 2307 2294 ,colliguntur
2371 2230 2594 2275 comae
2661 2210 2797 2275 eius
2864 2209 3104 2275 hordeo

768 2325 1177 2403 turgescente
1223 2316 1633 2397 siccataeque
1678 2315 1743 2379 in
1791 2315 2020 2381 umbra
2066 2316 2296 2382 diebus
2345 2317 2537 2381 VIIII
2583 2316 2649 2380 in
2694 2317 2830 2382 sole
2863 2316 3103 2382 inares-

770 2431 941 2491 cunt.
990 2424 1234 2488 fructus
1280 2442 1405 2486 non
1452 2421 1694 2506 pariter
1741 2423 2136 2507 maturescit,
2186 2422 2303 2490 sed
2349 2442 2503 2508 pars
2551 2442 2717 2487 anno
2776 2433 3102 2506 sequente,

771 2539 835 2597 et
881 2552 1012 2597 nux
1058 2537 1344 2596 vocatur.
1392 2528 1543 2593 inde
1590 2548 1948 2612 cognomen
1995 2529 2230 2595 Graeci
2280 2529 2542 2596 dedere.
2593 2529 2935 2594 demetitur
2963 2549 3104 2594 cum

770 2639 1071 2705 messium
1116 2637 1484 2702 maturitate
1532 2635 1934 2720 lavaturque,
1985 2637 2221 2702 deinde
2267 2638 2547 2703 siccatur
2604 2643 2670 2702 et
2718 2636 2906 2702 datur
2962 2656 3103 2701 cum

771 2744 1115 2830 papaveris
1160 2744 1325 2828 nigri
1372 2744 1436 2807 II
1483 2742 1778 2827 partibus
1824 2743 1937 2826 ita,
1986 2751 2055 2808 ut
2103 2745 2186 2809 sit
2232 2750 2436 2808 totum
2483 2743 2808 2807 acetabuli
2854 2741 3101 2809 moduS.

768 2849 976 2916 minus
1022 2850 1126 2914 hic
1172 2849 1545 2915 vomitorius
1592 2866 1786 2929 quam
1832 2850 2142 2935 superior,
2194 2849 2390 2914 ceteri
2437 2849 2610 2915 item.
2662 2849 2862 2932 aliqui
2909 2849 3001 2915 sic
3039 2856 3104 2913 et

764 2955 985 3021 folium
1034 2956 1170 3022 eius
1219 2955 1459 3021 dedere
1507 2971 1757 3036 ,nucem
1805 2976 1957 3020 vero
2005 2957 2215 3040 ipsam
2262 2955 2326 3019 in
2375 2956 2580 3020 mulso
2630 2963 2742 3020 aut
2772 2975 2966 3040 passo
3000 2954 3104 3019 vel

766 3064 1019 3130 sesima.
1068 3063 1266 3128 trahit
1312 3063 1611 3148 pituitam
1660 3071 1724 3128 et
1771 3063 1964 3128 bilem
2002 3083 2119 3148 per
2157 3063 2370 3128 alvum
2418 3114 2430 3126 .
2484 3114 2496 3129 .
2550 3115 2564 3129 .
2617 3068 2653 3128 .‘
2701 3064 2796 3125 Ac
2831 3061 3102 3147 primum

765 3170 847 3235 de
895 3170 1093 3236 comis
1158 3170 1537 3252 colligendis
1605 3169 2095 3255 Theophrastus
2162 3170 2363 3235 verba
2425 3190 2553 3233 non
2619 3169 2794 3253 fecit,
2868 3167 3103 3232 deinde

764 3275 997 3341 omittit
1043 3275 1340 3340 eflectum
1385 3275 1541 3342 folii.
1636 3277 1908 3342 Sensum
1956 3276 2291 3341 restituere
2361 3295 2701 3361 possumus
2767 3296 2846 3340 ex
2915 3275 3101 3338 Plinii

760 3382 1001 3451 verbis:
1051 3382 1262 3459 ἀμῶσι
1313 3386 1384 3446 δὲ
1441 3387 1731 3462 <τοῡτο>
1783 3383 1936 3446 ὅταν
1985 3382 2379 3460 ἁδρύνωνται
2429 3383 2491 3446 αἱ
2532 3384 2755 3461 κριθαί,
2822 3385 2977 3461 (τὴν
3031 3385 3104 3445 δὲ

761 3488 961 3568 κόμην
1009 3491 1388 3564 συλλέγουσι
1437 3489 1591 3553 ὅταν
1638 3489 2028 3554 αὐξάνωνται
2079 3489 2142 3551 αἱ
2195 3489 2516 3574 κριθαὶ’)>
2571 3491 2638 3553 ἐν
2685 3495 2834 3572 σκιᾷ
2894 3490 3101 3569 ξηραί-

758 3616 977 3672 νοντες
1016 3598 1116 3660 καὶ
1166 3596 1725 3674 ἀποκαθάιροντες.
1819 3601 1967 3678 σκιᾷ
2027 3597 2270 3680 sumpsi
2336 3617 2416 3659 ex
2485 3597 2686 3661 altero
2755 3599 2853 3660 καὶ
2920 3595 3097 3660 libris

758 3702 1211 3787 manuscriptis
1289 3703 1534 3788 addito,
1614 3703 1940 3788 superfluo
2010 3723 2186 3787 sane,
2263 3704 2381 3766 ΚΑΙ
2447 3724 2528 3768 ex
2612 3704 2801 3768 (ΚΙΑΙ
2882 3723 3096 3768 errore

758 3816 1069 3873 mutatum
1118 3829 1260 3874 esse
1308 3809 1616 3894 suspicer.
1715 3811 1927 3876 Comis
1977 3818 2152 3875 recte
2200 3817 2334 3874 tum
2380 3811 2620 3897 opponi
2649 3818 2867 3896 potest
2905 3811 3097 3886 αὐτὸς

756 3917 792 3980 ὁ
841 3917 1099 3995 καρπός.
1192 3916 1475 3981 Alterius
1520 3916 1646 3981 loci
1692 3917 1992 3982 lacunam
2039 3917 2186 4002 ipsa
2218 3917 2652 4002 Theophrasti
2686 3917 2884 3983 verba
2929 3937 3095 3998 quae

754 4029 1057 4088 secuntur
1103 4023 1467 4105 significant
1513 4031 1556 4107 ξ
1599 4026 1679 4092 9:
1729 4029 1925 4087 ταῦτα
1974 4029 2086 4101 μὲν
2119 4025 2234 4089 οὖν
2266 4030 2399 4102 τοῖς
2430 4046 2496 4089 τε
2530 4027 2797 4104 φύλλοις
2831 4027 2929 4088 καὶ
2959 4027 3096 4100 τοῖς

754 4130 937 4206 ὀποῑς
997 4132 1097 4194 καὶ
1161 4134 1294 4222 τοῖς
1358 4135 1623 4209 καρποῖς
1691 4133 1989 4215 χρήσιμα,
2060 4130 2233 4213 quod
2299 4138 2364 4195 et
2427 4131 2512 4195 ad
2575 4131 2741 4195 hanc
2805 4132 3096 4215 plantam

752 4235 1046 4321 pertinet.
1142 4235 1416 4301 Codices
1463 4257 1614 4302 vero
1663 4237 1819 4300 nihil
1866 4237 1988 4301 nisi
2037 4236 2119 4302 dc
2165 4258 2328 4302 nuce
2377 4239 2739 4320 loquuntur.
2827 4237 3097 4301 Lacuna

965 4398 1010 4466 1)
1050 4398 1200 4452 haec
1238 4400 1425 4452 verba
1466 4403 1705 4470 sumpta
1747 4404 1888 4453 sunt
1928 4415 1961 4453 e
1987 4399 2167 4454 Plinii
2195 4416 2420 4468 ,comae
2449 4401 2673 4455 hordeo
2703 4405 3098 4470 turgescente

751 4487 1159 4557 colliguntur‘.
1236 4486 1395 4542 Sane
1435 4488 1659 4541 lacuna
1695 4488 1965 4542 nondum
2005 4489 2246 4542 sublata
2286 4492 2395 4557 est,
2433 4505 2571 4542 cum
2609 4498 2671 4542 et
2699 4488 2878 4542 Plinii
2903 4490 3097 4544 verba

750 4575 824 4629 de
863 4576 1049 4629 comis
1089 4575 1167 4642 ,in
1208 4575 1333 4628 sole
1373 4576 1586 4630 dicbus
1624 4575 1793 4629 VIIII
1832 4577 2200 4632 inarescunt‘
2243 4578 2616 4631 omittantur.
