3409 5342
648 465 867 542 ..47-

730 778 785 843 IV.

250 938 410 1005 Plinius
433 938 567 1024 ipsius
592 936 877 1022 Theophrasti
901 937 1035 1002 libros
1059 937 1258 1004 adhibuit.
1364 1014 1367 1023 Δ

272 1099 499 1186 Supplementi
522 1104 687 1180 tamquam
710 1098 782 1161 loeo
806 1096 905 1162 liceat
938 1103 970 1163 et
1002 1099 1148 1182 alteram,
1183 1118 1266 1181 quae
1298 1097 1341 1163 ad

170 1227 228 1272 nos
248 1208 396 1292 pertinet,
414 1205 635 1287 quaestionem
650 1202 741 1268 brevi
757 1209 903 1288 tangere,
923 1204 1083 1288 quomodo
1100 1205 1221 1271 Plinius
1238 1205 1361 1296 Theo-¹

169 1312 294 1399 phrasti
330 1312 370 1377 de
405 1310 525 1397 plantis
558 1311 657 1376 libros
694 1310 883 1377 exousserit.
938 1312 1054 1394 Agitur
1087 1311 1195 1397 igitur,
1235 1319 1340 1376 utrum
1417 1334 1419 1343 ¹

170 1420 292 1485 Plinius
316 1420 385 1505 ipse
408 1438 485 1484 usus
518 1417 559 1484 sit
583 1417 800 1503 Theophrasti
830 1417 931 1502 ipsius
961 1418 1052 1484 libris
1083 1439 1124 1483 an
1154 1440 1212 1503 per
1243 1419 1341 1484 alium

170 1525 332 1608 quendam
362 1529 527 1590 auctorem
560 1544 615 1588 eos
648 1522 841 1590 adhibuerit.
888 1525 969 1588 Item
1002 1532 1100 1607 atque
1132 1545 1231 1609 supra
1263 1525 1341 1590 utile

169 1632 231 1698 erit
265 1631 447 1698 Aristotelis
481 1631 580 1696 libros
615 1631 798 1714 zoologioos
837 1637 869 1695 et
903 1630 1128 1717 Aristophanis
1166 1631 1341 1717 epitomam

170 1758 371 1825 comparare.
417 1739 638 1803 Wellmannus
671 1738 824 1824 (Hermae
858 1738 1047 1841 W
1050 1739 1065 1803 I
1095 1739 1174 1824 11.)
1204 1739 1341 1831 Plinium

168 1867 228 1932 per
251 1847 271 1912 J
273 1847 357 1912 ubae
380 1845 479 1910 libros
496 1865 588 1910 usum
605 1864 677 1910 esse
694 1845 836 1929 epitoma
851 1844 1076 1929 Aristophanis
1097 1844 1338 1912 demonstravIt.

169 1954 293 2019 Eodem
325 1955 393 2018 iere
425 1959 569 2038 tempore
592 1951 751 2037 Sprengel
783 1951 816 2015 in
849 1950 1074 2017 dissertatione
1106 1951 1171 2016 iam
1204 1972 1339 2017 oomme-

168 2065 295 2125 morata
318 2066 351 2124 et
373 2079 453 2125 mus.
478 2054 567 2124 rh'en.
591 2057 655 2123 vol.
679 2056 787 2122 XLVI
809 2079 843 2142 p.
868 2057 912 2122 54
935 2078 1016 2141 sqq„
1045 2077 1118 2122 eum
1145 2077 1185 2123 ne
1215 2060 1339 2124 noverit

168 2167 298 2249 quidem
322 2165 512 2231 Wellmanni
536 2164 796 2250 disputationem,
830 2164 863 2228 in
895 2164 985 2230 libris
1009 2164 1074 2229 XII
1098 2171 1129 2228 et
1152 2165 1235 2229 XIII
1265 2165 1337 2234 hist.

168 2280 234 2344 nat.
259 2272 397 2338 Plinium
420 2293 512 2338 usum
536 2292 608 2338 esse
632 2271 858 2357 Theophrasto
881 2292 939 2357 per
956 2271 1061 2336 Jubae
1083 2272 1181 2338 libros
1199 2272 1338 2357 probare

168 2380 300 2466 studuit,
325 2400 421 2462 quam
445 2379 637 2445 sententiam
660 2383 850 2462 receperunt
878 2378 949 2463 ipse
973 2378 1192 2445 Wellmannus
1214 2379 1236 2446 l.
1260 2379 1281 2443 l.
1306 2387 1338 2443 et

167 2489 298 2554 Mtinzer
320 2489 354 2554 in
376 2488 458 2552 libro
475 2488 648 2575 „Beitrage
671 2507 727 2551 zur
743 2486 981 2563 Quellenkritik
998 2486 1056 2552 des
1072 2487 1236 2553 Plinius.“'
1258 2487 1337 2551 Cum

167 2596 297 2659 Mtinner
329 2595 398 2679 ipse
429 2614 496 2659 rem
525 2614 589 2658 non
619 2593 862 2678 perquisiverit‚
895 2592 1077 2677 Sprengelii
1110 2601 1233 2658 tantum
1267 2615 1336 2669 sen-

166 2703 268 2767 tentia
290 2702 323 2766 in
345 2701 500 2766 iudicium
523 2699 674 2766 vocanda
698 2707 757 2782 est.

273 2808 482 2893 Sprengelius
512 2807 595 2872 enim
618 2807 782 2873 Plinianos
812 2807 912 2872 libros
947 2813 1056 2873 oenset
1089 2806 1241 2873 exhibere
1274 2807 1336 2873 dis·
1417 2840 1420 2847 ¹

166 2917 357 3002 positionem
381 2922 414 2980 et
435 2913 652 2981 narrationem
668 2913 783 2997 Jubae,
809 2934 903 2996 quem
920 2914 1041 2979 Plinius
1064 2914 1096 2978 in
1116 2914 1337 2999 geographica

165 3023 248 3090 serie
272 3022 314 3087 ad
339 3029 489 3087 externas
513 3021 646 3086 arbores
662 3020 896 3086 describendas
914 3028 1046 3088 seoutus
1062 3021 1112 3086 sit.
1143 3021 1212 3088 Nee
1228 3027 1336 3085 tamen
1402 3035 1406 3043 ’

165 3130 315 3212 cuiquam
348 3128 530 3194 verisimilis
563 3127 645 3193 haee
677 3127 914 3210 argumentatio
944 3126 1116 3212 videbitur,
1150 3127 1176 3192 si
1210 3129 1335 3210 quaesi-

165 3238 315 3321 verimus,
340 3255 397 3299 eur
420 3235 504 3299 hano
527 3234 781 3320 geographioam
805 3254 911 3299 rerum
935 3235 1169 3320 expositionem
1185 3234 1228 3300 ad
1245 3235 1335 3319 alioS,

165 3345 207 3411 de
230 3346 364 3413 historia
387 3345 572 3410 animalium
595 3345 705 3429 libros,
729 3345 761 3409 in
782 3345 898 3427 quibus
914 3345 1019 3410 Jubae
1034 3344 1134 3410 libros
1150 3345 1353 3443 adhibuisse(
1395 3352 1398 3358 '
1423 3370 1426 3376 =
1544 3374 1545 3377 ¹

164 3474 237 3519 eum
261 3461 396 3538 constat,
421 3452 544 3518 Plinius
567 3474 631 3518 non
655 3452 848 3518 adhibuerit.
895 3452 1081 3518 Refutanda
1097 3452 1224 3517 omnino
1241 3452 1335 3517 nobis

163 3561 347 3646 Sprengelii
370 3560 539 3626 sententia.

253 3668 303 3733 Ab
328 3667 418 3733 initio
441 3688 518 3733 vero
542 3674 654 3732 notare
685 3667 780 3732 velim
811 3667 905 3732 aliter
934 3667 966 3730 in
989 3666 1171 3732 Aristotelis
1202 3665 1335 3731 historia

163 3776 349 3841 animalium
382 3782 480 3858 atque
512 3774 544 3838 in
573 3774 789 3859 Theophrasti
821 3775 1005 3860 plantarum
1037 3794 1104 3838 rem
1137 3767 1172 3839 se
1203 3773 1334 3840 habere.

163 3880 223 3945 Ille
247 3881 376 3964 quidem
401 3881 581 3966 eomposuit
603 3880 703 3945 libros
721 3901 796 3946 suos
820 3886 938 3965 aetate,
963 3900 1028 3963 qua
1051 3880 1139 3945 nulla
1169 3880 1236 3945 fere
1260 3900 1334 3964 eog-

132 4072 135 4078 .
162 3988 241 4052 nitio
266 3996 336 4053 orat
352 3987 528 4072 regionum,
550 4007 631 4070 quas
647 3989 745 4072 paulo
761 3995 836 4072 post
850 3987 1029 4054 Alexandri
1046 3993 1078 4051 et
1094 3985 1334 4061 Diadoohorum

163 4094 387 4181 expeditiones
410 4095 643 4180 patefecerunt.
691 4093 934 4179 Theophrastus
966 4101 1074 4159 autem
1103 4093 1136 4156 in
1168 4092 1335 4159 historiam

162 4202 346 4286 plantarum
359 4199 624 4265 conscribendam
637 4200 745 4265 omnia
760 4199 851 4285 haee,
869 4220 953 4283 quae
969 4200 1065 4266 modo
1084 4200 1216 4265 inventa
1232 4209 1333 4283 erant,

163 4307 335 4373 transtulit.
391 4306 513 4372 Plinius
545 4308 644 4390 igitur
676 4309 703 4372 si
735 4307 914 4393 perfectam
943 4326 1050 4372 rerum
1084 4306 1334 4392 deseriptionem

162 4413 363 4479 exhibiturus
387 4419 466 4497 erat,
490 4396 537 4478 uti
561 4413 702 4480 debebat
725 4413 825 4499 libris,
850 4412 967 4498 quibus
990 4412 1073 4478 haee
1100 4434 1185 4479 nova
1212 4415 1334 4481 inserta

162 4527 264 4605 erant,
289 4540 373 4604 quae
396 4519 574 4585 Alexandri
597 4527 628 4586 et
661 4521 875 4606 posteriorum
911 4520 1170 4606 expeditionibus
1206 4520 1334 4587 deteota
